%%%%%%%%%%%%%%%%%qianyt
%%%lasbte
%\bibliography{Ref}
%@FOOTNOTE{Note1,key="Note1",note="Automatically placing footnotes into the bibliography requires using BibTeX to compile the bibliography."}
%@CONTROL{REVTEX41Control}
%@CONTROL{apsrev41Control,author="08",editor="1",pages="0",title="",year="1"}

@article{wang2016hourglass,
	title={Hourglass {Fermions}},
	author={Wang, Zhijun and Alexandradinata, Aris and Cava, Robert J and Bernevig, B Andrei},
	journal={Nature},
	volume={532},
	number={7598},
	pages={189},
	year={2016},
	publisher={Nature Publishing Group}
}


@article{song2018quantitative,
	title={Quantitative mappings between symmetry and topology in solids},
	author={Song, Zhida and Zhang, Tiantian and Fang, Zhong and Fang, Chen},
	journal={Nature communications},
	volume={9},
	number={1},
	pages={3530},
	year={2018},
	publisher={Nature Publishing Group}
}

@article{tqc2017,
title = "Topological quantum chemistry",
journal = "Nature",
volume = "547",
pages = "298-305",
year = "2017",
doi = "10.1038/nature23268",
author = "Bradlyn, Barry and  Elcoro, L.  and Cano, Jennifer and  Vergniory, M.G.  and Wang, Zhijun and  Felser, C. and Aroyo, M. I. and  Bernevig, B. Andrei"
}

@article{fidkowski2011model,
	title={Model characterization of gapless edge modes of topological insulators using intermediate {Brillouin}-zone functions},
	author={Fidkowski, Lukasz and Jackson, TS and Klich, Israel},
	journal={Physical review letters},
	volume={107},
	number={3},
	pages={036601},
	year={2011},
	publisher={APS}
}

@article{haldane1988model,
	title={Model for a quantum {Hall} effect without Landau levels: Condensed-matter realization of the" parity anomaly"},
	author={Haldane, F Duncan M},
	journal={Physical Review Letters},
	volume={61},
	number={18},
	pages={2015},
	year={1988},
	publisher={APS}
}


@article{qi2011,
	title={Topological insulators and superconductors},
	author={Qi, Xiao-Liang and Zhang, Shou-Cheng},
	journal={Reviews of Modern Physics},
	volume={83},
	number={4},
	pages={1057},
	year={2011},
	publisher={APS}
}

@article{weng2015quantum,
	title={Quantum anomalous {Hall} effect and related topological electronic states},
	author={Weng, Hongming and Yu, Rui and Hu, Xiao and Dai, Xi and Fang, Zhong},
	journal={Advances in Physics},
	volume={64},
	number={3},
	pages={227--282},
	year={2015},
	publisher={Taylor \& Francis}
}

@article{bernevig2006quantum,
	title={Quantum spin {Hall} effect and topological phase transition in {HgTe} quantum wells},
	author={Bernevig, B Andrei and Hughes, Taylor L and Zhang, Shou-Cheng},
	journal={Science},
	volume={314},
	number={5806},
	pages={1757--1761},
	year={2006},
	publisher={American Association for the Advancement of Science}
}

@article{konig2007quantum,
	title={Quantum spin {Hall} insulator state in {HgTe} quantum wells},
	author={K{\"o}nig, Markus and Wiedmann, Steffen and Br{\"u}ne, Christoph and Roth, Andreas and Buhmann, Hartmut and Molenkamp, Laurens W and Qi, Xiao-Liang and Zhang, Shou-Cheng},
	journal={Science},
	volume={318},
	number={5851},
	pages={766--770},
	year={2007},
	publisher={American Association for the Advancement of Science}
}

@article{zhang2009topological,
	title={Topological insulators in {Bi{$_2$}Se{$_3$}}, {Bi{$_2$}Te{$_3$}} and {Sb{$_2$}Te{$_3$}} with a single {Dirac} cone on the surface},
	author={Zhang, Haijun and Liu, Chao-Xing and Qi, Xiao-Liang and Dai, Xi and Fang, Zhong and Zhang, Shou-Cheng},
	journal={Nature physics},
	volume={5},
	number={6},
	pages={438},
	year={2009},
	publisher={Nature Publishing Group}
}

@article{chen2009experimental,
	title={Experimental realization of a three-dimensional topological insulator,{Bi{$_2$}Te{$_3$}}},
	author={Chen, YL and Analytis, James G and Chu, J-H and Liu, ZK and Mo, S-K and Qi, Xiao-Liang and Zhang, HJ and Lu, DH and Dai, Xi and Fang, Zhong and others},
	journal={science},
	volume={325},
	number={5937},
	pages={178--181},
	year={2009},
	publisher={American Association for the Advancement of Science}
}

@article{xu2015two,
	title={Two-dimensional oxide topological insulator with iron-pnictide superconductor {LiFeAs} structure},
	author={Xu, Qiunan and Song, Zhida and Nie, Simin and Weng, Hongming and Fang, Zhong and Dai, Xi},
	journal={Physical Review B},
	volume={92},
	number={20},
	pages={205310},
	year={2015},
	publisher={APS}
}

@article{lou2016emergence,
	title={Emergence of topological bands on the surface of {ZrSnTe} crystal},
	author={Lou, R and Ma, J-Z and Xu, Q-N and Fu, B-B and Kong, L-Y and Shi, Y-G and Richard, P and Weng, H-M and Fang, Z and Sun, S-S and others},
	journal={Physical Review B},
	volume={93},
	number={24},
	pages={241104},
	year={2016},
	publisher={APS}
}

@article{fu2011topological,
	title={Topological crystalline insulators},
	author={Fu, Liang},
	journal={Physical Review Letters},
	volume={106},
	number={10}, 
	pages={106802},
	year={2011},
	publisher={APS}
}

@article{hsieh2012topological,
	title={Topological crystalline insulators in the {SnTe} material class},
	author={Hsieh, Timothy H and Lin, Hsin and Liu, Junwei and Duan, Wenhui and Bansil, Arun and Fu, Liang},
	journal={Nature communications},
	volume={3},
	pages={982},
	year={2012},
	publisher={Nature Publishing Group}
}

@article{tanaka2012experimental,
	title={Experimental realization of a topological crystalline insulator in {SnTe}},
	author={Tanaka, Y and Ren, Zhi and Sato, T and Nakayama, K and Souma, S and Takahashi, T and Segawa, Kouji and Ando, Yoichi},
	journal={Nature Physics},
	volume={8},
	number={11},
	pages={800},
	year={2012},
	publisher={Nature Publishing Group}
}

@article{ma2017experimental,
	title={Experimental evidence of hourglass {Fermion} in the candidate nonsymmorphic topological insulator {KHgSb}},
	author={Ma, Junzhang and Yi, Changjiang and Lv, Baiqing and Wang, Zhijun and Nie, Simin and Wang, Le and Kong, Lingyuan and Huang, Yaobo and Richard, Pierre and Zhang, Peng and others},
	journal={Science advances},
	volume={3},
	number={5},
	pages={e1602415},
	year={2017},
	publisher={American Association for the Advancement of Science}
}


@article{charvillat1977cristallochimie,
  title={Cristallochimie des composes binaires {MSb$_2$} et ternaires {MSbTe} des elements transuraniens},
  author={Charvillat, J and Damien, D and Wojakowski, A},
  journal={Rev. Chim. Miner},
  volume={14},
  number={14},
  pages={178--188},
  year={1977}
}
@article{wang1995main,
  title={Main group element size and substitution effects on the structural dimensionality of zirconium tellurides of the {ZrSiS} type},
  author={Wang, Chwanchin and Hughbanks, Timothy},
  journal={Inorganic Chemistry},
  volume={34},
  number={22},
  pages={5524--5529},
  year={1995},
  publisher={ACS Publications}
}
@article{dimasi1996stability,
  title={Stability of charge-density waves under continuous variation of band filling in {LaTe$_{2−x}$Sb$_x$ (0⩽ x ⩽1)}},
  author={DiMasi, E and Foran, B and Aronson, MC and Lee, S},
  journal={Physical Review B},
  volume={54},
  number={19},
  pages={13587},
  year={1996},
  publisher={APS}
}
@article{vasp,
	title={Efficient iterative schemes for ab initio total-energy calculations using a plane-wave basis set},
	author={Kresse, Georg and Furthm{\"u}ller, J{\"u}rgen},
	journal={Physical review B},
	volume={54},
	number={16},
	pages={11169},
	year={1996},
	publisher={APS}
}



@article{tremel1987square,
	title={Square nets of main-group elements in solid-state materials},
	author={Tremel, Wolfgang and Hoffmann, Roald},
	journal={Journal of the American Chemical Society},
	volume={109},
	number={1},
	pages={124--140},
	year={1987},
	publisher={ACS Publications}
}

@article{weng2014transition,
	title={Transition-metal pentatelluride {ZrTe$_5$} and {HfTe$_5$}: A paradigm for large-gap quantum spin {Hall} insulators},
	author={Weng, Hongming and Dai, Xi and Fang, Zhong},
	journal={Physical review X},
	volume={4},
	number={1},
	pages={011002},
	year={2014},
	publisher={APS}
}

@article{paw1,
	title={Projector augmented-wave method},
	author={Bl{\"o}chl, Peter E},
	journal={Physical review B},
	volume={50},
	number={24},
	pages={17953},
	year={1994},
	publisher={APS}
}

@article{paw2,
	title={From ultrasoft pseudopotentials to the projector augmented-wave method},
	author={Kresse, Georg and Joubert, D},
	journal={Physical Review B},
	volume={59},
	number={3},
	pages={1758},
	year={1999},
	publisher={APS}
}


@article{pbe,
  title = {Generalized Gradient Approximation Made Simple},
  author = {Perdew, John P. and Burke, Kieron and Ernzerhof, Matthias},
  journal = {Phys. Rev. Lett.},
  volume = {77},
  issue = {18},
  pages = {3865--3868},
  numpages = {0},
  year = {1996},
  month = {Oct},
  publisher = {American Physical Society},
  doi = {10.1103/PhysRevLett.77.3865},
}

@article{togo2015first,
	title={First principles phonon calculations in materials science},
	author={Togo, Atsushi and Tanaka, Isao},
	journal={Scripta Materialia},
	volume={108},
	pages={1--5},
	year={2015},
	publisher={Elsevier}
}


@article{WU2017,
	title={Wannier{T}ools: An open-source software package for novel topological materials},
	author={Wu, QuanSheng and Zhang, ShengNan and Song, Hai-Feng and Troyer, Matthias and Soluyanov, Alexey A},
	journal={Computer Physics Communications},
	volume={224},
	pages={405--416},
	year={2018},
	publisher={Elsevier}
}


@article{Sancho_1985,
	doi = {10.1088/0305-4608/15/4/009},
	year = 1985,
	month = {apr},
	publisher = {{IOP} Publishing},
	volume = {15},
	number = {4},
	pages = {851--858},
	author = {M P Lopez Sancho and J M Lopez Sancho and J M L Sancho and J Rubio},
	title = {Highly convergent schemes for the calculation of bulk and surface Green functions},
	journal = {Journal of Physics F: Metal Physics}
}


@article{Zhang2018,
author = {Zhang, Tiantian and Jiang, Yi and Song, Zhida and Huang, He and He, Yuqing and Fang, Zhong and Weng, Hongming and Fang, Chen},
doi = {10.1038/s41586-019-0944-6},
journal = {Nature},
publisher = {Springer US},
title = {{Catalogue of Topological Electronic Materials}},
volume = {566},
pages = {475--479},
year = {2019}
}

@article{Vergniory2019,
author = {Vergniory, M. G. and Elcoro, L. and Felser, Claudia and Regnault, Nicolas and Bernevig, B. Andrei and Wang, Zhijun},
doi = {10.1038/s41586-019-0954-4},
journal = {Nature},
number = {7745},
pages = {480--485},
publisher = {Springer US},
title = {{A complete catalogue of high-quality topological materials}},
volume = {566},
year = {2019}
}

@article{kim2015,
  title = {Layered Topological Crystalline Insulators},
  author = {Kim, Youngkuk and Kane, C. L. and Mele, E. J. and Rappe, Andrew M.},
  journal = {Phys. Rev. Lett.},
  volume = {115},
  issue = {8},
  pages = {086802},
  numpages = {5},
  year = {2015},
  month = {Aug},
  publisher = {American Physical Society},
  doi = {10.1103/PhysRevLett.115.086802},
}

@article{Fulga2016,
  title = {Coupled-layer description of topological crystalline insulators},
  author = {Fulga, I. C. and Avraham, N. and Beidenkopf, H. and Stern, A.},
  journal = {Phys. Rev. B},
  volume = {94},
  issue = {12},
  pages = {125405},
  numpages = {8},
  year = {2016},
  month = {Sep},
  publisher = {American Physical Society},
  doi = {10.1103/PhysRevB.94.125405},
}

@article{huang2017,
  title = {Building crystalline topological phases from lower-dimensional states},
  author = {Huang, Sheng-Jie and Song, Hao and Huang, Yi-Ping and Hermele, Michael},
  journal = {Phys. Rev. B},
  volume = {96},
  issue = {20},
  pages = {205106},
  numpages = {29},
  year = {2017},
  month = {Nov},
  publisher = {American Physical Society},
  doi = {10.1103/PhysRevB.96.205106},
}

@article{else2018,
  title = {Gauging Spatial Symmetries and the Classification of Topological Crystalline Phases},
  author = {Thorngren, Ryan and Else, Dominic V.},
  journal = {Phys. Rev. X},
  volume = {8},
  issue = {1},
  pages = {011040},
  numpages = {39},
  year = {2018},
  month = {Mar},
  publisher = {American Physical Society},
  doi = {10.1103/PhysRevX.8.011040},
}

@article{hsong2017,
  title = {Topological Phases Protected by Point Group Symmetry},
  author = {Song, Hao and Huang, Sheng-Jie and Fu, Liang and Hermele, Michael},
  journal = {Phys. Rev. X},
  volume = {7},
  issue = {1},
  pages = {011020},
  numpages = {23},
  year = {2017},
  month = {Feb},
  publisher = {American Physical Society},
  doi = {10.1103/PhysRevX.7.011020},
}

@article{haruki2018,
  title = {Connecting higher-order topological insulators to lower-dimensional topological insulators},
  author = {Matsugatani, Akishi and Watanabe, Haruki},
  journal = {Phys. Rev. B},
  volume = {98},
  issue = {20},
  pages = {205129},
  numpages = {7},
  year = {2018},
  month = {Nov},
  publisher = {American Physical Society},
  doi = {10.1103/PhysRevB.98.205129},
}

@article {Schindler,
	author = {Schindler, Frank and Cook, Ashley M. and Vergniory, Maia G. and Wang, Zhijun and Parkin, Stuart S. P. and Bernevig, B. Andrei and Neupert, Titus},
	title = {Higher-order topological insulators},
	volume = {4},
	number = {6},
	elocation-id = {eaat0346},
	year = {2018},
	doi = {10.1126/sciadv.aat0346},
	publisher = {American Association for the Advancement of Science},
	eprint = {https://advances.sciencemag.org/content/4/6/eaat0346.full.pdf},
	journal = {Science Advances}
}

@article{nc_ashvin,
author = {Po, Hoi Chun and Vishwanath, Ashvin and Watanabe, Haruki},
doi = {10.1038/s41467-017-00133-2},
eprint = {1703.00911},
isbn = {2041-1723},
journal = {Nature Communications},
number = {1},
pages = {241--250},
publisher = {Springer US},
title = {{Complete theory of symmetry-based indicators of band topology}},
volume = {8},
year = {2017}
}


@article{Po2020,
  title={Symmetry indicators of band topology},
  author={Po, Hoi Chun},
  journal={Journal of Physics: Condensed Matter},
  volume={32},
  number={26},
  pages={263001},
  year={2020},
  publisher={IOP Publishing}
}

@article{wanxg2019,
author = {Tang, Feng and Po, Hoi Chun and Vishwanath, Ashvin and Wan, Xiangang},
doi = {10.1038/s41586-019-0937-5},
journal = {Nature},
number = {7745},
pages = {486--489},
publisher = {Springer US},
title = {{Comprehensive search for topological materials using symmetry indicators}},
volume = {566},
year = {2019}
}
@article{prx_ashvin,
author = {Khalaf, Eslam and Po, Hoi Chun and Vishwanath, Ashvin and Watanabe, Haruki},
doi = {10.1103/PhysRevX.8.031070},
journal = {Physical Review X},
number = {3},
pages = {31070},
publisher = {American Physical Society},
title = {{Symmetry Indicators and Anomalous Surface States of Topological Crystalline Insulators}},
volume = {8},
year = {2018}
}

@article{bernevigprx,
author = {Alexandradinata, A. and Wang, Zhijun and Bernevig, B. Andrei},
doi = {10.1103/PhysRevX.6.021008},
journal = {Physical Review X},
month = {apr},
number = {2},
pages = {021008},
publisher = {American Physical Society},
title = {{Topological Insulators from Group Cohomology}},
volume = {6},
year = {2016}
}

@article{songzd2017,
  title = {$(d\ensuremath{-}2)$-Dimensional Edge States of Rotation Symmetry Protected Topological States},
  author = {Song, Zhida and Fang, Zhong and Fang, Chen},
  journal = {Phys. Rev. Lett.},
  volume = {119},
  issue = {24},
  pages = {246402},
  numpages = {5},
  year = {2017},
  month = {Dec},
  publisher = {American Physical Society},
  doi = {10.1103/PhysRevLett.119.246402},
}

@article{zhangt2019,
  title = {Topological crystalline insulators with ${C}_{2}$ rotation anomaly},
  author = {Zhang, Tan and Yue, Changming and Zhang, Tiantian and Nie, Simin and Wang, Zhijun and Fang, Chen and Weng, Hongming and Fang, Zhong},
  journal = {Phys. Rev. Research},
  volume = {1},
  issue = {1},
  pages = {012001},
  numpages = {5},
  year = {2019},
  month = {Aug},
  publisher = {American Physical Society},
  doi = {10.1103/PhysRevResearch.1.012001},
}



@article{Kruthoff2017,
author = {Kruthoff, Jorrit and {De Boer}, Jan and {Van Wezel}, Jasper and Kane, Charles L. and Slager, Robert Jan},
doi = {10.1103/PhysRevX.7.041069},
journal = {Physical Review X},
keywords = {condensed matter physics,topological insulators},
number = {4},
pages = {1--23},
title = {{Topological classification of crystalline insulators through band structure combinatorics}},
volume = {7},
year = {2017}
}



%%%hfrup

@article{xu2015,
  title = {Structured {Weyl} Points in Spin-Orbit Coupled Fermionic Superfluids},
  author = {Xu, Yong and Zhang, Fan and Zhang, Chuanwei},
  journal = {Phys. Rev. Lett.},
  volume = {115},
  issue = {26},
  pages = {265304},
  numpages = {6},
  year = {2015},
  month = {Dec},
  publisher = {American Physical Society},
  doi = {10.1103/PhysRevLett.115.265304},
  url = {https://link.aps.org/doi/10.1103/PhysRevLett.115.265304}
}


@article{Jorrit2017,
  title = {Topological Classification of Crystalline Insulators through Band Structure Combinatorics},
  author = {Kruthoff, Jorrit and de Boer, Jan and van Wezel, Jasper and Kane, Charles L. and Slager, Robert-Jan},
  journal = {Phys. Rev. X},
  volume = {7},
  issue = {4},
  pages = {041069},
  numpages = {23},
  year = {2017},
  month = {Dec},
  publisher = {American Physical Society},
  doi = {10.1103/PhysRevX.7.041069},
  url = {https://link.aps.org/doi/10.1103/PhysRevX.7.041069}
}


@article{xu2019topological,
  title={Topological nodal lines and hybrid Weyl nodes in {YCoC$_2$}},
  author={Xu, Yuanfeng and Gu, Yueqiang and Zhang, Tiantian and Fang, Chen and Fang, Zhong and Sheng, Xian-Lei and Weng, Hongming},
  journal={APL Materials},
  volume={7},
  number={10},
  pages={101109},
  year={2019},
  publisher={AIP Publishing LLC}
}

@article{Damascelli2003,
  title = {Angle-resolved photoemission studies of the cuprate superconductors},
  author = {Damascelli, Andrea and Hussain, Zahid and Shen, Zhi-Xun},
  journal = {Rev. Mod. Phys.},
  volume = {75},
  issue = {2},
  pages = {473--541},
  numpages = {0},
  year = {2003},
  month = {Apr},
  publisher = {American Physical Society},
  doi = {10.1103/RevModPhys.75.473},
  url = {https://link.aps.org/doi/10.1103/RevModPhys.75.473}
}

@article{fischer2007scanning,
  title={Scanning tunneling spectroscopy of high-temperature superconductors},
  author={Fischer, {\O}ystein and Kugler, Martin and Maggio-Aprile, Ivan and Berthod, Christophe and Renner, Christoph},
  journal={Reviews of Modern Physics},
  volume={79},
  number={1},
  pages={353},
  year={2007},
  publisher={APS}
}

@article{johnston2010puzzle,
  title={The puzzle of high temperature superconductivity in layered iron pnictides and chalcogenides},
  author={Johnston, David C},
  journal={Advances in Physics},
  volume={59},
  number={6},
  pages={803--1061},
  year={2010},
  publisher={Taylor \& Francis}
}


@article{Chiu2016,
  title = {Classification of topological quantum matter with symmetries},
  author = {Chiu, Ching-Kai and Teo, Jeffrey C. Y. and Schnyder, Andreas P. and Ryu, Shinsei},
  journal = {Rev. Mod. Phys.},
  volume = {88},
  issue = {3},
  pages = {035005},
  numpages = {63},
  year = {2016},
  month = {Aug},
  publisher = {American Physical Society},
  doi = {10.1103/RevModPhys.88.035005},
  url = {https://link.aps.org/doi/10.1103/RevModPhys.88.035005}
}


@article{Armitage2018,
  title = {{Weyl} and {Dirac} semimetals in three-dimensional solids},
  author = {Armitage, N. P. and Mele, E. J. and Vishwanath, Ashvin},
  journal = {Rev. Mod. Phys.},
  volume = {90},
  issue = {1},
  pages = {015001},
  numpages = {57},
  year = {2018},
  month = {Jan},
  publisher = {American Physical Society},
  doi = {10.1103/RevModPhys.90.015001},
  url = {https://link.aps.org/doi/10.1103/RevModPhys.90.015001}
}



@article{sato2017topological,
  title={Topological superconductors: a review},
  author={Sato, Masatoshi and Ando, Yoichi},
  journal={Reports on Progress in Physics},
  volume={80},
  number={7},
  pages={076501},
  year={2017},
  publisher={IOP Publishing}
}

@article{Fu2008superconducting,
  title = {Superconducting Proximity Effect and {Majorana} {Fermions} at the Surface of a Topological Insulator},
  author = {Fu, Liang and Kane, C. L.},
  journal = {Phys. Rev. Lett.},
  volume = {100},
  issue = {9},
  pages = {096407},
  numpages = {4},
  year = {2008},
  month = {Mar},
  publisher = {American Physical Society},
  doi = {10.1103/PhysRevLett.100.096407},
  url = {https://link.aps.org/doi/10.1103/PhysRevLett.100.096407}
}

@article{alicea2012new,
  title={New directions in the pursuit of {Majorana} {Fermions} in solid state systems},
  author={Alicea, Jason},
  journal={Reports on progress in physics},
  volume={75},
  number={7},
  pages={076501},
  year={2012},
  publisher={IOP Publishing}
}

@article{Fu2010odd,
  title = {Odd-Parity Topological Superconductors: Theory and Application to $\mathrm{Cu}_{x}\mathrm{Bi}_{2}\mathrm{Se}_{3}$},
  author = {Fu, Liang and Berg, Erez},
  journal = {Phys. Rev. Lett.},
  volume = {105},
  issue = {9},
  pages = {097001},
  numpages = {4},
  year = {2010},
  month = {Aug},
  publisher = {American Physical Society},
  doi = {10.1103/PhysRevLett.105.097001},
  url = {https://link.aps.org/doi/10.1103/PhysRevLett.105.097001}
}

@article{read2000,
  title = {Paired states of {Fermions} in two dimensions with breaking of parity and time-reversal symmetries and the fractional quantum {Hall} effect},
  author = {Read, N. and Green, Dmitry},
  journal = {Phys. Rev. B},
  volume = {61},
  issue = {15},
  pages = {10267--10297},
  numpages = {0},
  year = {2000},
  month = {Apr},
  publisher = {American Physical Society},
  doi = {10.1103/PhysRevB.61.10267},
  url = {https://link.aps.org/doi/10.1103/PhysRevB.61.10267}
}


@article{kitaev2001unpaired,
  title={Unpaired {Majorana} {Fermions} in quantum wires},
  author={Kitaev, A Yu},
  journal={Physics-Uspekhi},
  volume={44},
  number={10S},
  pages={131},
  year={2001},
  publisher={IOP Publishing}
}

@article{Mackenzie2003,
  title = {The superconductivity of ${\mathrm{Sr}}_{2}{\mathrm{RuO}}_{4}$ and the physics of spin-triplet pairing},
  author = {Mackenzie, Andrew Peter and Maeno, Yoshiteru},
  journal = {Rev. Mod. Phys.},
  volume = {75},
  issue = {2},
  pages = {657--712},
  numpages = {0},
  year = {2003},
  month = {May},
  publisher = {American Physical Society},
  doi = {10.1103/RevModPhys.75.657},
  url = {https://link.aps.org/doi/10.1103/RevModPhys.75.657}
}

@article{wang2015,
  title = {Topological nature of the $\mathrm{FeSe}_{0.5}\mathrm{Te}_{0.5}$ superconductor},
  author = {Wang, Zhijun and Zhang, P. and Xu, Gang and Zeng, L. K. and Miao, H. and Xu, Xiaoyan and Qian, T. and Weng, Hongming and Richard, P. and Fedorov, A. V. and Ding, H. and Dai, Xi and Fang, Zhong},
  journal = {Phys. Rev. B},
  volume = {92},
  issue = {11},
  pages = {115119},
  numpages = {7},
  year = {2015},
  month = {Sep},
  publisher = {American Physical Society},
  doi = {10.1103/PhysRevB.92.115119},
  url = {https://link.aps.org/doi/10.1103/PhysRevB.92.115119}
}

@article{xu2016,
  title = {Topological Superconductivity on the Surface of {F}e-Based Superconductors},
  author = {Xu, Gang and Lian, Biao and Tang, Peizhe and Qi, Xiao-Liang and Zhang, Shou-Cheng},
  journal = {Phys. Rev. Lett.},
  volume = {117},
  issue = {4},
  pages = {047001},
  numpages = {5},
  year = {2016},
  month = {Jul},
  publisher = {American Physical Society},
  doi = {10.1103/PhysRevLett.117.047001},
  url = {https://link.aps.org/doi/10.1103/PhysRevLett.117.047001}
}


@article {Wang333,
	author = {Wang, Dongfei and Kong, Lingyuan and Fan, Peng and Chen, Hui and Zhu, Shiyu and Liu, Wenyao and Cao, Lu and Sun, Yujie and Du, Shixuan and Schneeloch, John and Zhong, Ruidan and Gu, Genda and Fu, Liang and Ding, Hong and Gao, Hong-Jun},
	title = {Evidence for {Majorana} bound states in an iron-based superconductor},
	volume = {362},
	number = {6412},
	pages = {333--335},
	year = {2018},
	doi = {10.1126/science.aao1797},
	publisher = {American Association for the Advancement of Science},
	issn = {0036-8075},
	URL = {https://science.sciencemag.org/content/362/6412/333},
	eprint = {https://science.sciencemag.org/content/362/6412/333.full.pdf},
	journal = {Science}
}

@article {Zhang182,
	author = {Zhang, Peng and Yaji, Koichiro and Hashimoto, Takahiro and Ota, Yuichi and Kondo, Takeshi and Okazaki, Kozo and Wang, Zhijun and Wen, Jinsheng and Gu, G. D. and Ding, Hong and Shin, Shik},
	title = {Observation of topological superconductivity on the surface of an iron-based superconductor},
	volume = {360},
	number = {6385},
	pages = {182--186},
	year = {2018},
	doi = {10.1126/science.aan4596},
	publisher = {American Association for the Advancement of Science},
	issn = {0036-8075},
	journal = {Science}
}


@article{qi2010,
  title = {Topological invariants for the {Fermi} surface of a time-reversal-invariant superconductor},
  author = {Qi, Xiao-Liang and Hughes, Taylor L. and Zhang, Shou-Cheng},
  journal = {Phys. Rev. B},
  volume = {81},
  issue = {13},
  pages = {134508},
  numpages = {10},
  year = {2010},
  month = {Apr},
  publisher = {American Physical Society},
  doi = {10.1103/PhysRevB.81.134508},
  url = {https://link.aps.org/doi/10.1103/PhysRevB.81.134508}
}

@article{qi2016superconductivity,
  title={Superconductivity in {W}eyl semimetal candidate {MoTe$_2$}},
  author={Qi, Yanpeng and Naumov, Pavel G and Ali, Mazhar N and Rajamathi, Catherine R and Schnelle, Walter and Barkalov, Oleg and Hanfland, Michael and Wu, Shu-Chun and Shekhar, Chandra and Sun, Yan and others},
  journal={Nature communications},
  volume={7},
  pages={11038},
  year={2016},
  publisher={Nature Publishing Group}
}

@article{pan2015pressure,
  title={Pressure-driven dome-shaped superconductivity and electronic structural evolution in tungsten ditelluride},
  author={Pan, Xing-Chen and Chen, Xuliang and Liu, Huimei and Feng, Yanqing and Wei, Zhongxia and Zhou, Yonghui and Chi, Zhenhua and Pi, Li and Yen, Fei and Song, Fengqi and others},
  journal={Nature communications},
  volume={6},
  pages={7805},
  year={2015},
  publisher={Nature Publishing Group}
}

@article{kang2015superconductivity,
  title={Superconductivity emerging from a suppressed large magnetoresistant state in tungsten ditelluride},
  author={Kang, Defen and Zhou, Yazhou and Yi, Wei and Yang, Chongli and Guo, Jing and Shi, Youguo and Zhang, Shan and Wang, Zhe and Zhang, Chao and Jiang, Sheng and others},
  journal={Nature communications},
  volume={6},
  pages={7804},
  year={2015},
  publisher={Nature Publishing Group}
}

@article{li2017concurrence,
  title={Concurrence of superconductivity and structure transition in {Weyl} semimetal {TaP} under pressure},
  author={Li, Yufeng and Zhou, Yonghui and Guo, Zhaopeng and Han, Fei and Chen, Xuliang and Lu, Pengchao and Wang, Xuefei and An, Chao and Zhou, Ying and Xing, Jie and others},
  journal={npj Quantum Materials},
  volume={2},
  number={1},
  pages={66},
  year={2017},
  publisher={Nature Publishing Group}
}

@article{chen2016superconductivity,
  title={Superconductivity enhancement in the {S}-doped {Weyl} semimetal candidate {MoTe$_2$}},
  author={Chen, FC and Luo, X and Xiao, RC and Lu, WJ and Zhang, B and Yang, HX and Li, JQ and Pei, QL and Shao, DF and Zhang, RR and others},
  journal={Applied Physics Letters},
  volume={108},
  number={16},
  pages={162601},
  year={2016},
  publisher={AIP Publishing}
}

@article{Hosur204,
  title = {Time-reversal-invariant topological superconductivity in doped {Weyl} semimetals},
  author = {Hosur, Pavan and Dai, Xi and Fang, Zhong and Qi, Xiao-Liang},
  journal = {Phys. Rev. B},
  volume = {90},
  issue = {4},
  pages = {045130},
  numpages = {9},
  year = {2014},
  month = {Jul},
  publisher = {American Physical Society},
  doi = {10.1103/PhysRevB.90.045130},
  url = {https://link.aps.org/doi/10.1103/PhysRevB.90.045130}
}


@article{meisner1983superconductivity,
  title={The superconductivity and structure of equiatomic ternary transition metal pnictides},
  author={Meisner, GP and Ku, HC},
  journal={Applied Physics A},
  volume={31},
  number={4},
  pages={201--212},
  year={1983},
  publisher={Springer}
}

@article{MULLER1983177,
title = {Superconductivity and crystal structure of a new class of ternary transition metal phosphides {TT'P (T=Zr, Nb, Ta and T'=Ru, Rh)}},
journal = "Journal of the Less Common Metals",
volume = "92",
number = "1",
pages = "177 - 183",
year = "1983",
issn = "0022-5088",
doi = "https://doi.org/10.1016/0022-5088(83)90240-0",
author = "R M$\ddot{\text{u}}$ller and R.N Shelton and J.W Richardson and R.A Jacobson",
}

@article{barz1980ternary,
  title={Ternary transition metal phosphides: High-temperature superconductors},
  author={Barz, H and Ku, HC and Meisner, GP and Fisk, Z and Matthias, BT},
  journal={Proceedings of the National Academy of Sciences},
  volume={77},
  number={6},
  pages={3132--3134},
  year={1980},
  publisher={National Acad Sciences}
}


@article{Fu2007topo,
  title = {Topological Insulators in Three Dimensions},
  author = {Fu, Liang and Kane, C. L. and Mele, E. J.},
  journal = {Phys. Rev. Lett.},
  volume = {98},
  issue = {10},
  pages = {106803},
  numpages = {4},
  year = {2007},
  month = {Mar},
  publisher = {American Physical Society},
  doi = {10.1103/PhysRevLett.98.106803},
  url = {https://link.aps.org/doi/10.1103/PhysRevLett.98.106803}
}

@article{yan2013large,
  title={A large-energy-gap oxide topological insulator based on the superconductor {BaBiO$_3$}},
  author={Yan, Binghai and Jansen, Martin and Felser, Claudia},
  journal={Nature Physics},
  volume={9},
  number={11},
  pages={709},
  year={2013},
  publisher={Nature Publishing Group}
}

@article{Schoop2015,
  title = {Dirac metal to topological metal transition at a structural phase change in $\mathrm{Au}_{2}\mathrm{Pb}$ and prediction of $\mathbb{Z}_{2}$ topology for the superconductor},
  author = {Schoop, Leslie M. and Xie, Lilia S. and Chen, Ru and Gibson, Quinn D. and Lapidus, Saul H. and Kimchi, Itamar and Hirschberger, Max and Haldolaarachchige, Neel and Ali, Mazhar N. and Belvin, Carina A. and Liang, Tian and Neaton, Jeffrey B. and Ong, N. P. and Vishwanath, Ashvin and Cava, R. J.},
  journal = {Phys. Rev. B},
  volume = {91},
  issue = {21},
  pages = {214517},
  numpages = {6},
  year = {2015},
  month = {Jun},
  publisher = {American Physical Society},
  doi = {10.1103/PhysRevB.91.214517},
  url = {https://link.aps.org/doi/10.1103/PhysRevB.91.214517}
}

@article{wang2016spontaneous,
  title={Spontaneous Formation of a Superconductor--Topological Insulator--Normal Metal Layered Heterostructure},
  author={Wang, Yu-Qi and Wu, Xu and Wang, Ye-Liang and Shao, Yan and Lei, Tao and Wang, Jia-Ou and Zhu, Shi-Yu and Guo, Haiming and Zhao, Ling-Xiao and Chen, Gen-Fu and others},
  journal={Advanced Materials},
  volume={28},
  number={25},
  pages={5013--5017},
  year={2016},
  publisher={Wiley Online Library}
}

@article{xie2017,
  title = {Prediction of nontrivial band topology and superconductivity in $\mathrm{M}{\mathrm{g}}_{2}\mathrm{Pb}$},
  author = {Bian, Guang and Chang, Tay-Rong and Huang, Angus and Li, Yuwei and Jeng, Horng-Tay and Singh, David J. and Cava, Robert J. and Xie, Weiwei},
  journal = {Phys. Rev. Materials},
  volume = {1},
  issue = {2},
  pages = {021201},
  numpages = {7},
  year = {2017},
  month = {Jul},
  publisher = {American Physical Society},
  doi = {10.1103/PhysRevMaterials.1.021201},
  url = {https://link.aps.org/doi/10.1103/PhysRevMaterials.1.021201}
}


@article{lu2019,
  title = {$\ensuremath{\beta}--{\mathrm{RhPb}}_{2}$: A topological superconductor candidate},
  author = {Zhang, Jian-Feng and Guo, Peng-Jie and Gao, Miao and Liu, Kai and Lu, Zhong-Yi},
  journal = {Phys. Rev. B},
  volume = {99},
  issue = {4},
  pages = {045110},
  numpages = {5},
  year = {2019},
  month = {Jan},
  publisher = {American Physical Society},
  doi = {10.1103/PhysRevB.99.045110},
  url = {https://link.aps.org/doi/10.1103/PhysRevB.99.045110}
}

@article{chang2016,
  title = {Topological {Dirac} surface states and superconducting pairing correlations in {PbTaSe$_{2}$}},
  author = {Chang, Tay-Rong and Chen, Peng-Jen and Bian, Guang and Huang, Shin-Ming and Zheng, Hao and Neupert, Titus and Sankar, Raman and Xu, Su-Yang and Belopolski, Ilya and Chang, Guoqing and Wang, BaoKai and Chou, Fangcheng and Bansil, Arun and Jeng, Horng-Tay and Lin, Hsin and Hasan, M. Zahid},
  journal = {Phys. Rev. B},
  volume = {93},
  issue = {24},
  pages = {245130},
  numpages = {9},
  year = {2016},
  month = {Jun},
  publisher = {American Physical Society},
  doi = {10.1103/PhysRevB.93.245130},
  url = {https://link.aps.org/doi/10.1103/PhysRevB.93.245130}
}


@article{KRESSE199615,
title = "Efficiency of ab-initio total energy calculations for metals and semiconductors using a plane-wave basis set",
journal = "Computational Materials Science",
volume = "6",
number = "1",
pages = "15 - 50",
year = "1996",
issn = "0927-0256",
author = "G. Kresse and J. Furthmüller",
}


@article{mlwf,
  title = {Maximally localized Wannier functions: Theory and applications},
  author = {Marzari, Nicola and Mostofi, Arash A. and Yates, Jonathan R. and Souza, Ivo and Vanderbilt, David},
  journal = {Rev. Mod. Phys.},
  volume = {84},
  issue = {4},
  pages = {1419--1475},
  numpages = {0},
  year = {2012},
  month = {Oct},
  publisher = {American Physical Society},
  doi = {10.1103/RevModPhys.84.1419},
  url = {https://link.aps.org/doi/10.1103/RevModPhys.84.1419}
}

@article{yamakage2015line,
  title={Line-Node {Dirac} Semimetal and Topological Insulating Phase in Noncentrosymmetric Pnictides {CaAgX (X= P, As)}},
  author={Yamakage, Ai and Yamakawa, Youichi and Tanaka, Yukio and Okamoto, Yoshihiko},
  journal={Journal of the Physical Society of Japan},
  volume={85},
  number={1},
  pages={013708},
  year={2015},
  publisher={The Physical Society of Japan}
}

@article{bernevig2015s,
  title={It's been a {Weyl} coming},
  author={Bernevig, B Andrei},
  journal={Nature Physics},
  volume={11},
  number={9},
  pages={698},
  year={2015},
  publisher={Nature Publishing Group}
}

@article{ZrTe,
  title = {Coexistence of {Weyl} fermion and massless triply degenerate nodal points},
  author = {Weng, Hongming and Fang, Chen and Fang, Zhong and Dai, Xi},
  journal = {Phys. Rev. B},
  volume = {94},
  issue = {16},
  pages = {165201},
  numpages = {7},
  year = {2016},
  month = {Oct},
  publisher = {American Physical Society},
  doi = {10.1103/PhysRevB.94.165201},
  url = {https://link.aps.org/doi/10.1103/PhysRevB.94.165201}
}

@article{zhang2013,
  title = {Topological Mirror Superconductivity},
  author = {Zhang, Fan and Kane, C. L. and Mele, E. J.},
  journal = {Phys. Rev. Lett.},
  volume = {111},
  issue = {5},
  pages = {056403},
  numpages = {5},
  year = {2013},
  month = {Aug},
  publisher = {American Physical Society},
  doi = {10.1103/PhysRevLett.111.056403},
  url = {https://link.aps.org/doi/10.1103/PhysRevLett.111.056403}
}
@article{ueno2013,
  title = {Symmetry-Protected {Majorana} {Fermions} in Topological Crystalline Superconductors: Theory and Application to $\mathrm{Sr}_{2}\mathrm{RuO}_{4}$},
  author = {Ueno, Yuji and Yamakage, Ai and Tanaka, Yukio and Sato, Masatoshi},
  journal = {Phys. Rev. Lett.},
  volume = {111},
  issue = {8},
  pages = {087002},
  numpages = {6},
  year = {2013},
  month = {Aug},
  publisher = {American Physical Society},
  doi = {10.1103/PhysRevLett.111.087002},
  url = {https://link.aps.org/doi/10.1103/PhysRevLett.111.087002}
}

@article{shingo2015,
  title = {Topological Superconductivity in {Dirac} Semimetals},
  author = {Kobayashi, Shingo and Sato, Masatoshi},
  journal = {Phys. Rev. Lett.},
  volume = {115},
  issue = {18},
  pages = {187001},
  numpages = {5},
  year = {2015},
  month = {Oct},
  publisher = {American Physical Society},
  doi = {10.1103/PhysRevLett.115.187001},
  url = {https://link.aps.org/doi/10.1103/PhysRevLett.115.187001}
}

@article{ivanov2019,
  title = {Monopole mining method for high-throughput screening for {Weyl} semimetals},
  author = {Ivanov, Vsevolod and Savrasov, Sergey Y.},
  journal = {Phys. Rev. B},
  volume = {99},
  issue = {12},
  pages = {125124},
  numpages = {7},
  year = {2019},
  month = {Mar},
  publisher = {American Physical Society},
  doi = {10.1103/PhysRevB.99.125124},
  url = {https://link.aps.org/doi/10.1103/PhysRevB.99.125124}
}

@article {Barz3132,
	author = {Barz, H. and Ku, H. C. and Meisner, G. P. and Fisk, Z. and Matthias, B. T.},
	title = {Ternary transition metal phosphides: High-temperature superconductors},
	volume = {77},
	number = {6},
	pages = {3132--3134},
	year = {1980},
	doi = {10.1073/pnas.77.6.3132},
	publisher = {National Academy of Sciences},
	URL = {https://www.pnas.org/content/77/6/3132},
	eprint = {https://www.pnas.org/content/77/6/3132.full.pdf},
	journal = {Proceedings of the National Academy of Sciences}
}

@Article{Meisner1983,
author="Meisner, G. P.
and Ku, H. C.",
title="The superconductivity and structure of equiatomic ternary transition metal pnictides",
journal="Applied Physics A",
year="1983",
month="Aug",
day="01",
volume="31",
number="4",
pages="201--212",
issn="1432-0630",
doi="10.1007/BF00614955",
url="https://doi.org/10.1007/BF00614955"
}

@article{MEISNER1983983,
title = "Superconducting equiatomic ternary transition metal arsenides",
journal = "Materials Research Bulletin",
volume = "18",
number = "8",
pages = "983 - 991",
year = "1983",
issn = "0025-5408",
doi = "https://doi.org/10.1016/0025-5408(83)90010-7",
author = "G.P. Meisner and H.C. Ku and H. Barz"
}

@article{nie2018,
  title = {Topological phases in the $\mathrm{TaSe}_{3}$ compound},
  author = {Nie, Simin and Xing, Lingyi and Jin, Rongying and Xie, Weiwei and Wang, Zhijun and Prinz, Fritz B.},
  journal = {Phys. Rev. B},
  volume = {98},
  issue = {12},
  pages = {125143},
  numpages = {6},
  year = {2018},
  month = {Sep},
  publisher = {American Physical Society},
  doi = {10.1103/PhysRevB.98.125143},
  url = {https://link.aps.org/doi/10.1103/PhysRevB.98.125143}
}

@article{wu2015,
  title = {$\mathrm{CaFeAs}_{2}$: A staggered intercalation of quantum spin {Hall} and high-temperature superconductivity},
  author = {Wu, Xianxin and Qin, Shengshan and Liang, Yi and Le, Congcong and Fan, Heng and Hu, Jiangping},
  journal = {Phys. Rev. B},
  volume = {91},
  issue = {8},
  pages = {081111},
  numpages = {5},
  year = {2015},
  month = {Feb},
  publisher = {American Physical Society},
  doi = {10.1103/PhysRevB.91.081111},
  url = {https://link.aps.org/doi/10.1103/PhysRevB.91.081111}
}

@article{song2017,
   author = {{Song}, Z. and {Zhang}, T. and {Fang}, Z. and {Fang}, C.},
    title = {{Quantitative mappings between symmetry and topology in solids     }},
   journal = {Nature Communications},
   volume ={9},
   pages={3530},
   year = {2018},
   url ={http://www.nature.com/articles/s41467-018-06010-w}
}

@article{ashvin2017,
    title = {Complete theory of symmetry-based indicators of band topology}     ,
    volume = {8},
    journal = {Nature Communications},
    author = {Po, Hoi Chun and Vishwanath, Ashvin and Watanabe, Haruki},
    year = {2017},
    pages = {50},
    url ={https://www.nature.com/articles/s41467-017-00133-2}
}

@article{zhang2019,
  title={Catalogue of Topological Electronic Materials},
  author = {{Zhang}, T. and {Jiang}, Y. and {Song}, Z. and {Huang}, H. and {He}, Y. and {Fang}, Z. and  {Weng}, H. and {Fang}, C.},
  journal={Nature},
  volume={566},
  pages={475},
  year={2019},
  publisher={Nature Publishing Group}
}


@article{wan2011topological,
  title={Topological semimetal and {Fermi}-arc surface states in the electronic structure of pyrochlore iridates},
  author={Wan, Xiangang and Turner, Ari M and Vishwanath, Ashvin and Savrasov, Sergey Y},
  journal={Physical Review B},
  volume={83},
  number={20},
  pages={205101},
  year={2011},
  publisher={APS}
}

@article{xu2011chern,
    title={Chern semimetal and the quantized anomalous {Hall} effect in {HgCr$_2$Se$_4$}},
      author={Xu, Gang and Weng, Hongming and Wang, Zhijun and Dai, Xi and Fang, Zhong},
        journal={Physical review letters},
	  volume={107},
	    number={18},
	      pages={186806},
	        year={2011},
		  publisher={APS}
}


@article{wang2013three,
    title={Three-dimensional {Dirac} semimetal and quantum transport in {Cd$_3$As$_2$}},
      author={Wang, Zhijun and Weng, Hongming and Wu, Quansheng and Dai, Xi and Fang, Zhong},
        journal={Physical Review B},
	  volume={88},
	    number={12},
	      pages={125427},
	        year={2013},
		  publisher={APS}
}

@article{wang2012dirac,
    title={Dirac semimetal and topological phase transitions in {A$_3$Bi (A= Na, K, Rb)}},
      author={Wang, Zhijun and Sun, Yan and Chen, Xing-Qiu and Franchini, Cesare and Xu, Gang and Weng, Hongming and Dai, Xi and Fang, Zhong},
        journal={Physical Review B},
	  volume={85},
	    number={19},
	      pages={195320},
	        year={2012},
		  publisher={APS}
}

@article{weng2015weyl,
    title={Weyl semimetal phase in noncentrosymmetric transition-metal monophosphides},
      author={Weng, Hongming and Fang, Chen and Fang, Zhong and Bernevig, B Andrei and Dai, Xi},
        journal={Physical Review X},
	  volume={5},
	    number={1},
	      pages={011029},
	        year={2015},
		  publisher={APS}
}

@article{PhysRevLett.106.257004,
  title = {Electronic Structure of the Topological Insulator $\mathrm{Bi}_{2}\mathrm{Se}_{3}$ Using Angle-Resolved Photoemission Spectroscopy: Evidence for a Nearly Full Surface Spin Polarization},
  author = {Pan, Z.-H. and Vescovo, E. and Fedorov, A. V. and Gardner, D. and Lee, Y. S. and Chu, S. and Gu, G. D. and Valla, T.},
  journal = {Phys. Rev. Lett.},
  volume = {106},
  issue = {25},
  pages = {257004},
  numpages = {4},
  year = {2011},
  month = {Jun},
  publisher = {American Physical Society},
  doi = {10.1103/PhysRevLett.106.257004},
  url = {https://link.aps.org/doi/10.1103/PhysRevLett.106.257004}
}

@article{zhang2013spin,
  title={Spin-orbital texture in topological insulators},
  author={Zhang, Haijun and Liu, Chao-Xing and Zhang, Shou-Cheng},
  journal={Physical review letters},
  volume={111},
  number={6},
  pages={066801},
  year={2013},
  publisher={APS}
}



@article{xu2016observation,
  title={Observation of {Weyl} nodes and {Fermi} arcs in tantalum phosphide},
  author={Xu, Nan and Weng, HM and Lv, BQ and Matt, Christian E and Park, Jihwey and Bisti, Federico and Strocov, Vladimir N and Gawryluk, Dariusz and Pomjakushina, Ekaterina and Conder, Kazimierz and others},
  journal={Nature communications},
  volume={7},
  pages={11006},
  year={2016},
  publisher={Nature Publishing Group}
}


@article{xu2015discovery,
  title={Discovery of a {Weyl} {Fermion} semimetal and topological {Fermi} arcs},
  author={Xu, Su-Yang and Belopolski, Ilya and Alidoust, Nasser and Neupane, Madhab and Bian, Guang and Zhang, Chenglong and Sankar, Raman and Chang, Guoqing and Yuan, Zhujun and Lee, Chi-Cheng and others},
  journal={Science},
  volume={349},
  number={6248},
  pages={613--617},
  year={2015},
  publisher={American Association for the Advancement of Science}
}

@article{huang2015observation,
  title={Observation of the chiral-anomaly-induced negative magnetoresistance in 3D {Weyl} semimetal {TaAs}},
  author={Huang, Xiaochun and Zhao, Lingxiao and Long, Yujia and Wang, Peipei and Chen, Dong and Yang, Zhanhai and Liang, Hui and Xue, Mianqi and Weng, Hongming and Fang, Zhong and others},
  journal={Physical Review X},
  volume={5},
  number={3},
  pages={031023},
  year={2015},
  publisher={APS}
}

@article{zhang2016signatures,
  title={Signatures of the {Adler--Bell--Jackiw} chiral anomaly in a {Weyl} {Fermion} semimetal},
  author={Zhang, Cheng-Long and Xu, Su-Yang and Belopolski, Ilya and Yuan, Zhujun and Lin, Ziquan and Tong, Bingbing and Bian, Guang and Alidoust, Nasser and Lee, Chi-Cheng and Huang, Shin-Ming and others},
  journal={Nature communications},
  volume={7},
  pages={10735},
  year={2016},
  publisher={Nature Publishing Group}
}


@article{nie2016band,
    title={Band gap anomaly and topological properties in lead chalcogenides},
      author={Nie, Simin and Xu, Xiao Yan and Xu, Gang and Fang, Zhong},
        journal={Chinese Physics B},
  volume={25},
    number={3},
      pages={037311},
        year={2016},
  publisher={IOP Publishing}
}


@article{soluyanov2015type,
    title={Type-{II} {Weyl} semimetals},
      author={Soluyanov, Alexey A and Gresch, Dominik and Wang, Zhijun and Wu, QuanSheng and Troyer, Matthias and Dai, Xi and Bernevig, B Andrei},
        journal={Nature},
  volume={527},
    number={7579},
      pages={495},
        year={2015},
  publisher={Nature Publishing Group}
}

@article{lv2015observation2,
    title={Observation of {Fermi}-arc spin texture in {TaAs}},
      author={Lv, BQ and Muff, S and Qian, T and Song, ZD and Nie, SM and Xu, N and Richard, P and Matt, CE and Plumb, NC and Zhao, LX and others},
        journal={Physical review letters},
	  volume={115},
	    number={21},
	      pages={217601},
	        year={2015},
		  publisher={APS}
}

@article{lv2015observation,
    title={Observation of {Weyl} nodes in {TaAs}},
      author={Lv, BQ and Xu, N and Weng, HM and Ma, JZ and Richard, P and Huang, XC and Zhao, LX and Chen, GF and Matt, CE and Bisti, F and others},
        journal={Nature Physics},
	  volume={11},
	    number={9},
	      pages={724},
	        year={2015},
		  publisher={Nature Publishing Group}
}

@article{lv2015experimental,
    title={Experimental discovery of {Weyl} semimetal {TaAs}},
      author={Lv, BQ and Weng, HM and Fu, BB and Wang, XP and Miao, Hu and Ma, Junzhang and Richard, P and Huang, XC and Zhao, LX and Chen, GF and others},
        journal={Physical Review X},
	  volume={5},
	    number={3},
	      pages={031013},
	        year={2015},
		  publisher={APS}
}

@article{huang2015weyl,
    title={A {Weyl} Fermion semimetal with surface {Fermi} arcs in the transition metal monopnictide {TaAs} class},
      author={Huang, Shin-Ming and Xu, Su-Yang and Belopolski, Ilya and Lee, Chi-Cheng and Chang, Guoqing and Wang, BaoKai and Alidoust, Nasser and Bian, Guang and Neupane, Madhab and Zhang, Chenglong and others},
        journal={Nature communications},
	  volume={6},
	    pages={7373},
	      year={2015},
	        publisher={Nature Publishing Group}
}

@article{nie2019magnetic,
    title={Magnetic semimetals and quantized anomalous {Hall} effect in {EuB$_6$}},
      author={Nie, Simin and Sun, Yan and Prinz, Fritz B and Wang, Zhijun and Weng, Hongming and Fang, Zhong and Dai, Xi},
        journal={arXiv preprint arXiv:1907.10051},
	  year={2019}
}

@article{nie2017topological,
    title={Topological semimetal in honeycomb lattice {LnSI}},
      author={Nie, Simin and Xu, Gang and Prinz, Fritz B and Zhang, Shou-cheng},
        journal={Proceedings of the National Academy of Sciences},
	  volume={114},
	    number={40},
	      pages={10596--10600},
	        year={2017},
		  publisher={National Acad Sciences}
}

@article{deng2016experimental,
    title={Experimental observation of topological {Fermi} arcs in type-{II} {Weyl} semimetal {MoTe $_2$}},
      author={Deng, Ke and Wan, Guoliang and Deng, Peng and Zhang, Kenan and Ding, Shijie and Wang, Eryin and Yan, Mingzhe and Huang, Huaqing and Zhang, Hongyun and Xu, Zhilin and others},
        journal={Nature Physics},
	  volume={12},
	    number={12},
	      pages={1105},
	        year={2016},
		  publisher={Nature Publishing Group}
}


@article{PhysRevLett.117.236401,
    title = {Time-Reversal-Breaking {Weyl} {Fermions} in Magnetic Heusler Alloys},
      author = {Wang, Zhijun and Vergniory, M. G. and Kushwaha, S. and Hirschberger, Max and Chulkov, E. V. and Ernst, A. and Ong, N. P. and Cava, Robert J. and Bernevig, B. Andrei},
        journal = {Phys. Rev. Lett.},
	  volume = {117},
	    issue = {23},
	      pages = {236401},
	        numpages = {6},
		  year = {2016},
		    month = {Nov},
		      publisher = {American Physical Society},
		        doi = {10.1103/PhysRevLett.117.236401},
			  url = {https://link.aps.org/doi/10.1103/PhysRevLett.117.236401}
}

@article{wang2016mote,
    title={{MoTe$_2$}: a type-{II} {Weyl} topological metal},
      author={Wang, Zhijun and Gresch, Dominik and Soluyanov, Alexey A and Xie, Weiwei and Kushwaha, S and Dai, Xi and Troyer, Matthias and Cava, Robert J and Bernevig, B Andrei},
        journal={Physical review letters},
	  volume={117},
	    number={5},
	      pages={056805},
	        year={2016},
		  publisher={APS}
}

@article{liang2016electronic,
    title={Electronic evidence for type {II} {Weyl} semimetal state in {MoTe$_2$}},
      author={Liang, Aiji and Huang, Jianwei and Nie, Simin and Ding, Ying and Gao, Qiang and Hu, Cheng and He, Shaolong and Zhang, Yuxiao and Wang, Chenlu and Shen, Bing and others},
        journal={arXiv preprint arXiv:1604.01706},
	  year={2016}
}

@article{tamai2016fermi,
    title={{Fermi} arcs and their topological character in the candidate type-{II} {Weyl} semimetal {MoTe$_2$}},
      author={Tamai, Anna and Wu, QS and Cucchi, Ir{\`e}ne and Bruno, Flavio Yair and Ricc{\`o}, Sara and Kim, Timur K and Hoesch, Moritz and Barreteau, C{\'e}line and Giannini, Enrico and Besnard, C{\'e}line and others},
        journal={Physical Review X},
	  volume={6},
	    number={3},
	      pages={031021},
	        year={2016},
		  publisher={APS}
}

@article{jiang2017signature,
    title={Signature of type-{II} {Weyl} semimetal phase in MoTe$_2$},
      author={Jiang, Juan and Liu, ZK and Sun, Y and Yang, HF and Rajamathi, CR and Qi, YP and Yang, LX and Chen, C and Peng, H and Hwang, CC and others},
        journal={Nature communications},
	  volume={8},
	    pages={13973},
	      year={2017},
	        publisher={Nature Publishing Group}
}

@article{shekhar2015extremely,
    title={Extremely large magnetoresistance and ultrahigh mobility in the topological {Weyl} semimetal candidate {NbP}},
      author={Shekhar, Chandra and Nayak, Ajaya K and Sun, Yan and Schmidt, Marcus and Nicklas, Michael and Leermakers, Inge and Zeitler, Uli and Skourski, Yurii and Wosnitza, Jochen and Liu, Zhongkai and others},
        journal={Nature Physics},
	  volume={11},
	    number={8},
	      pages={645},
	        year={2015},
		  publisher={Nature Publishing Group}
}

@article{kumar2017extremely,
    title={Extremely high magnetoresistance and conductivity in the type-{II} {Weyl} semimetals {WP$_2$} and {MoP$_2$}},
      author={Kumar, Nitesh and Sun, Yan and Xu, Nan and Manna, Kaustuv and Yao, Mengyu and S{\"u}ss, Vicky and Leermakers, Inge and Young, Olga and F{\"o}rster, Tobias and Schmidt, Marcus and others},
        journal={Nature communications},
	  volume={8},
	    number={1},
	      pages={1642},
	        year={2017},
		  publisher={Nature Publishing Group}
}


@article{wang2016observation2,
  title={Observation of {Fermi} arc and its connection with bulk states in the candidate type-{II} {Weyl} semimetal {WTe$_2$}},
  author={Wang, Chenlu and Zhang, Yan and Huang, Jianwei and Nie, Simin and Liu, Guodong and Liang, Aiji and Zhang, Yuxiao and Shen, Bing and Liu, Jing and Hu, Cheng and others},
  journal={Physical Review B},
  volume={94},
  number={24},
  pages={241119},
  year={2016},
  publisher={APS}
}



@article {Fang92,
	author = {Fang, Zhong and Nagaosa, Naoto and Takahashi, Kei S. and Asamitsu, Atsushi and Mathieu, Roland and Ogasawara, Takeshi and Yamada, Hiroyuki and Kawasaki, Masashi and Tokura, Yoshinori and Terakura, Kiyoyuki},
	title = {The Anomalous {Hall} Effect and Magnetic Monopoles in Momentum Space},
	volume = {302},
	number = {5642},
	pages = {92--95},
	year = {2003},
	doi = {10.1126/science.1089408},
	publisher = {American Association for the Advancement of Science},
	journal = {Science}
}





@article{Bansil2016,
  title={<i>Colloquium</i>\\r       : Topological band theory},
  author={Bansil, A. and Lin, Hsin and Das, Tanmoy},
  journal={Reviews of Modern Physics},
  volume={88},
  number={2},
  pages={021004},
  year={2016},
}

@article{Chiu2016Classification,
  title={Classification of topological quantum matter with symmetries},
  author={Chiu, Ching-Kai and Teo, Jeffrey C. Y. and Schnyder, Andreas P. and Ryu, Shinsei},
  journal={Physics},
  volume={88},
  number={3},
  pages={035005},
  year={2016},
}

@article{Weng2016Topological,
  title={Topological semimetals predicted from first-principles calculations},
  author={Weng, Hongming and Dai, Xi and Fang, Zhong},
  journal={J Phys Condens Matter},
  volume={28},
  number={30},
  pages={303001},
  year={2016},
}


@article{Murakami_2007,
	doi = {10.1088/1367-2630/9/9/356},
	year = 2007,
	month = {sep},
	publisher = {{IOP} Publishing},
	volume = {9},
	number = {9},
	pages = {356--356},
	author = {Shuichi Murakami},
	title = {Phase transition between the quantum spin {Hall} and insulator phases in {3D}: emergence of a topological gapless phase},
	journal = {New Journal of Physics},
}


@article{Liu2014Weyl,
  title={{Weyl} semimetals from noncentrosymmetric topological insulators},
  author={Liu, Jianpeng and Vanderbilt, David},
  journal={Physical Review B},
  volume={90},
  number={15},
  pages={155316},
  year={2014},
}


@article{Weng2016Coexistence,
  title={Coexistence of {Weyl} {Fermion} and massless triply degenerate nodal points},
  author={Weng, Hongming and Fang, Chen and Fang, Zhong and Dai, Xi},
  journal={Physical Review B},
  volume={94},
  number={16},
  pages={165201},
  year={2016},
}



@article{Qi2010The,
  title={The quantum spin {Hall} effect and topological insulators},
  author={Qi, Xiao Liang and Zhang, Shou-Cheng},
  journal={Physics Today},
  volume={63},
  number={1},
  pages={33-38},
  year={2010},
}

@article{Moore2010The,
  title={The birth of topological insulators},
  author={Moore and Joel E.},
  journal={Nature},
  volume={464},
  number={7286},
  pages={194-198},
  year={2010},
}


@article{Turner2012Quantized,
  title={Quantized response and topology of magnetic insulators with inversion symmetry},
  author={Turner, Ari M. and Zhang, Yi and Mong, Roger S. K. and Vishwanath, Ashvin},
  journal={Physical Review B},
  volume={85},
  number={16},
  pages={5299-5303},
  year={2012},
}


@article{Hughes2010Inversion,
  title={Inversion-symmetric topological insulators},
  author={Hughes, Taylor L and Prodan, Emil and Bernevig, B. Andrei},
  journal={Physical Review B Condensed Matter},
  volume={83},
  number={24},
  pages={1417-1425},
  year={2010},
}




@article{Wang2010,
author = {Wang, Y. J. and Lin, H. and Das, Tanmoy and Hasan, M. Z. and Bansil, A.},
journal = {New Journal of Physics},
title = {{Topological insulators in the quaternary chalcogenide compounds and ternary famatinite compounds}},
volume = {13},
year = {2010}
}


@article{Yu2011An,
  title={An equivalent expression of {Z$_2$} Topological Invariant for band insulators using Non-{Abelian} {Berry}'s connection},
  author={Yu, Rui and Qi, Xiao Liang and Bernevig, Andrei and Fang, Zhong and Dai, Xi},
  journal={Physical Review B Condensed Matter},
  volume={84},
  number={7},
  pages={2250-2262},
  year={2011},
}

@article{Balents2011Weyl,
  title={{Weyl} electrons kiss},
  author={Balents, Leon},
  journal={Physics},
  volume={4},
  number={36},
  year={2011},
}



@article{Tang2018Towards,
  title={Towards ideal topological materials: Comprehensive database searches using symmetry indicators},
  author={Tang, Feng and Po, Hoi Chun and Vishwanath, Ashvin and Wan, Xiangang},
  year={2018},
}


@article{Annamamedov1967,
    author = "Annamamedov, R. and Berger, L.I. and Petrov, V.M. and Slobodchikov, S.V.",
    title = "Electrical, optical and physiochemical properties of a number of semiconductors of the {A$_{13}$B$_5$ C$_{64}$} type",
    journal = "Inorganic Materials",
    year = "1967",
    volume = "3",
    pages = "1195-1198",
    ASTM_id = "INOMAF"
}
@article{Olekseyuk2005,
    author = "Olekseyuk, I.D. and Marchuk, O.V. and Gulay, L.D. and Zhbankov, O.Ye.",
    title = "Isothermal section of the {(Cu$_2$Se)-(Hg Se)-(GeSe$_2$)} system at 670 K and crystal structures of the compounds Cu2 Hg Ge Se4 and HT-modification of Cu2 Hg Ge S4",
    journal = "Journal of AQuaternary tellurides Cu2 M M,  Haeuseler, H.lloys and Compounds",
    year = "2005",
    volume = "398",
    pages = "80-84",
    ASTM_id = "JALCEU"
}

@article{Haeuseler1991,
    author = "Haeuseler, H. and Ohrendorf, F.W. and Himmrich, M.",
    title = "Quaternary tellurides {Cu$_2$MM}",
    journal = "Zeitschrift fuer Naturforschung, Teil B. Anorganische Chemie, Organische Chemie (33,1978-41,1986)",
    year = "1991",
    volume = "46",
    pages = "1049-1052",
    ASTM_id = "ZNBAD2"
}


@article{Guen1979,
    author = "Guen, L. and Glaunsinger, W.S. and Wold, A.",
    title = "Physical properties of the quarternary chalcogenides {{Cu}$_2$(I)B(II)C(IV)X$_4$(B(II) = Zn, Mn, Fe, Co; C(IV) = Si, Ge, Sn; X = S, Se)}",
    journal = "Materials Research Bulletin",
    year = "1979",
    volume = "14",
    pages = "463-467",
    ASTM_id = "MRBUAC"
}


@article{Hahn1965,
    author = "Hahn, H. and Schulz, H.",
    title = "Ueber quaternaere Chalkogenide des Germaniums und Zinns",
    journal = "Naturwissenschaften",
    year = "1965",
    volume = "52",
    pages = "426-426",
    ASTM_id = "NATWAY"
}


@article{RevModPhys.90.015001,
  title = {{Weyl} and {Dirac} semimetals in three-dimensional solids},
  author = {Armitage, N. P. and Mele, E. J. and Vishwanath, Ashvin},
  journal = {Rev. Mod. Phys.},
  volume = {90},
  issue = {1},
  pages = {015001},
  numpages = {57},
  year = {2018},
  month = {Jan},
  publisher = {American Physical Society},
  doi = {10.1103/RevModPhys.90.015001},
}

@article{Wan2011,
  title = {Topological semimetal and {Fermi}-arc surface states in the electronic structure of pyrochlore iridates},
  author = {Wan, Xiangang and Turner, Ari M. and Vishwanath, Ashvin and Savrasov, Sergey Y.},
  journal = {Phys. Rev. B},
  volume = {83},
  issue = {20},
  pages = {205101},
  numpages = {9},
  year = {2011},
  month = {May},
  publisher = {American Physical Society},
  doi = {10.1103/PhysRevB.83.205101},
}

@article{Fu2007IS,
  title = {Topological insulators with inversion symmetry},
  author = {Fu, Liang and Kane, C. L.},
  journal = {Phys. Rev. B},
  volume = {76},
  issue = {4},
  pages = {045302},
  numpages = {17},
  year = {2007},
  month = {Jul},
  publisher = {American Physical Society},
  doi = {10.1103/PhysRevB.76.045302},
}


@article{tobedone2019,
title = {High-throughput screening for {Weyl} semimetals with {S$_4$} symmetry},
journal = {Science Bulletin},
volume = {66},
number = {7},
pages = {667-675},
year = {2021},
issn = {2095-9273},
author = {Jiacheng Gao and Yuting Qian and Simin Nie and Zhong Fang and Hongming Weng and Zhijun Wang}
}

@article{Kane2005,
  title = {${Z}_{2}$ Topological Order and the Quantum Spin {Hall} Effect},
  author = {Kane, C. L. and Mele, E. J.},
  journal = {Phys. Rev. Lett.},
  volume = {95},
  issue = {14},
  pages = {146802},
  numpages = {4},
  year = {2005},
  month = {Sep},
  publisher = {American Physical Society},
  doi = {10.1103/PhysRevLett.95.146802},
}

@article{HgTenc2016,
  title={Symmetry-protected ideal {Weyl} semimetal in {HgTe}-class materials},
  author={Ruan, J. and Jian, S.-K. and Yan, H. and Zhang, H. and Zhang, S.-C. and Xing, D.},
  journal={Nat. Commun.},
  volume={7},
  pages={11136},
  year={2016},
}

@article{Haijun2016,
  title = {Ideal {Weyl} Semimetals in the Chalcopyrites $\mathrm{CuTlSe}_{2}$, $\mathrm{AgTlTe}_{2}$, $\mathrm{AuTlTe}_{2}$, and $\mathrm{ZnPbAs}_{2}$},
  author = {Ruan, Jiawei and Jian, Shao-Kai and Zhang, Dongqin and Yao, Hong and Zhang, Haijun and Zhang, Shou-Cheng and Xing, Dingyu},
  journal = {Phys. Rev. Lett.},
  volume = {116},
  issue = {22},
  pages = {226801},
  numpages = {5},
  year = {2016},
  month = {Jun},
  publisher = {American Physical Society},
  doi = {10.1103/PhysRevLett.116.226801},
}

@article{Feng2011,
  title = {Three-Dimensional Topological Insulators in $\mathrm{I}\mathrm{\text{\ensuremath{-}}}\mathrm{III}\mathrm{\text{\ensuremath{-}}}${VI}$_{2}$ and $\mathrm{II}\mathrm{\text{\ensuremath{-}}}\mathrm{IV}\mathrm{\text{\ensuremath{-}}}\mathrm{V}_{2}$ Chalcopyrite Semiconductors},
  author = {Feng, Wanxiang and Xiao, Di and Ding, Jun and Yao, Yugui},
  journal = {Phys. Rev. Lett.},
  volume = {106},
  issue = {1},
  pages = {016402},
  numpages = {4},
  year = {2011},
  month = {Jan},
  publisher = {American Physical Society},
  doi = {10.1103/PhysRevLett.106.016402},
}

@article{Slager2017,
  title = {Topological Classification of Crystalline Insulators through Band Structure Combinatorics},
  author = {Kruthoff, Jorrit and de Boer, Jan and van Wezel, Jasper and Kane, Charles L. and Slager, Robert-Jan},
  journal = {Phys. Rev. X},
  volume = {7},
  issue = {4},
  pages = {041069},
  numpages = {23},
  year = {2017},
  month = {Dec},
  publisher = {American Physical Society}
}


@article{PRBwzj,
  title = {Chiral anomaly factory: Creating {Weyl} {Fermion}s with a magnetic field},
  author = {Cano, Jennifer and Bradlyn, Barry and Wang, Zhijun and Hirschberger, Max and Ong, N. P. and Bernevig, B. A.},
  journal = {Phys. Rev. B},
  volume = {95},
  issue = {16},
  pages = {161306},
  numpages = {5},
  year = {2017},
  month = {Apr},
  publisher = {American Physical Society},
  doi = {10.1103/PhysRevB.95.161306},
}

@article{Wang2016,
archivePrefix = {arXiv},
arxivId = {1602.05585},
author = {Wang, Zhijun and Alexandradinata, A. and Cava, R. J. and Bernevig, B. Andrei},
doi = {10.1038/nature17410},
isbn = {9780874216561},
journal = {Nature},
number = {7598},
pages = {189--194},
pmid = {15003161},
publisher = {Nature Publishing Group},
title = {{Hourglass fermions}},
volume = {532},
year = {2016}
}

@article {advwang,
	author = {Ma, Junzhang and Yi, Changjiang and Lv, Baiqing and Wang, ZhiJun and Nie, Simin and Wang, Le and Kong, Lingyuan and Huang, Yaobo and Richard, Pierre and Zhang, Peng and Yaji, Koichiro and Kuroda, Kenta and Shin, Shik and Weng, Hongming and Bernevig, Bogdan Andrei and Shi, Youguo and Qian, Tian and Ding, Hong},
	title = {Experimental evidence of hourglass fermion in the candidate nonsymmorphic topological insulator {KHgSb}},
	volume = {3},
	number = {5},
	elocation-id = {e1602415},
	year = {2017},
	doi = {10.1126/sciadv.1602415},
	publisher = {American Association for the Advancement of Science},
	journal = {Science Advances}
}

@article{wangprl2019,
author = {Wang, Zhijun and Wieder, Benjamin J. and Li, Jian and Yan, Binghai and Bernevig, B. Andrei},
doi = {10.1103/PhysRevLett.123.186401},
journal = {Physical Review Letters},
number = {18},
pages = {186401},
publisher = {American Physical Society},
title = {{Higher-Order Topology, Monopole Nodal Lines, and the Origin of Large {Fermi} Arcs in Transition Metal Dichalcogenides {XTe$_2$ (X=Mo,W)}}},
volume = {123},
year = {2018}
}

@article{PhysRevB.100.195147,
  title = {Theoretical and experimental evidence for the intrinsic three-dimensional {Dirac} state in $\mathrm{C}{\mathrm{u}}_{2}\mathrm{HgSnS}{\mathrm{e}}_{4}$},
  author = {Lv, Yang-Yang and Cao, Lin and Yuan, Qian-Qian and Chen, Si-Si and Shi, Zhi-Qiang and Li, Qi-Yuan and Chen, Y. B. and Yao, Shu-Hua and Zhou, Jian and Wang, Huaiqiang and Zhang, Haijun and Li, Shao-Chun and Liu, Defa and Chen, Yan-Feng},
  journal = {Phys. Rev. B},
  volume = {100},
  issue = {19},
  pages = {195147},
  numpages = {7},
  year = {2019},
  month = {Nov},
  publisher = {American Physical Society},
  doi = {10.1103/PhysRevB.100.195147},
}

@article{prb97wang,
  title = {Building blocks of topological quantum chemistry: Elementary band representations},
  author = {Cano, Jennifer and Bradlyn, Barry and Wang, Zhijun and Elcoro, L. and Vergniory, M. G. and Felser, C. and Aroyo, M. I. and Bernevig, B. Andrei},
  journal = {Phys. Rev. B},
  volume = {97},
  issue = {3},
  pages = {035139},
  numpages = {20},
  year = {2018},
  month = {Jan},
  publisher = {American Physical Society},
  doi = {10.1103/PhysRevB.97.035139},
  url = {https://link.aps.org/doi/10.1103/PhysRevB.97.035139}
}

@article{pre96wang,
  title = {Graph theory data for topological quantum chemistry},
  author = {Vergniory, M. G. and Elcoro, L. and Wang, Zhijun and Cano, Jennifer and Felser, C. and Aroyo, M. I. and Bernevig, B. Andrei and Bradlyn, Barry},
  journal = {Phys. Rev. E},
  volume = {96},
  issue = {2},
  pages = {023310},
  numpages = {23},
  year = {2017},
  month = {Aug},
  publisher = {American Physical Society},
  doi = {10.1103/PhysRevE.96.023310},
  url = {https://link.aps.org/doi/10.1103/PhysRevE.96.023310}
}

@article{prb99,
  title = {Monopole mining method for high-throughput screening for {Weyl} semimetals},
  author = {Ivanov, Vsevolod and Savrasov, Sergey Y.},
  journal = {Phys. Rev. B},
  volume = {99},
  issue = {12},
  pages = {125124},
  numpages = {7},
  year = {2019},
  month = {Mar},
  publisher = {American Physical Society},
  doi = {10.1103/PhysRevB.99.125124},
  url = {https://link.aps.org/doi/10.1103/PhysRevB.99.125124}
}


@article{sakai2018,
title = "Giant anomalous {Nernst} effect and quantum-critical scaling in a ferromagnetic semimetal",
author = "Akito Sakai and Mizuta, {Yo Pierre} and Nugroho, {Agustinus Agung} and Rombang Sihombing and Takashi Koretsune and Suzuki, {Michi To} and Nayuta Takemori and Rieko Ishii and Daisuke Nishio-Hamane and Ryotaro Arita and Pallab Goswami and Satoru Nakatsuji",
year = "2018",
month = nov,
day = "1",
doi = "10.1038/s41567-018-0225-6",
language = "English (US)",
volume = "14",
pages = "1119--1124",
journal = "Nature Physics",
issn = "1745-2473",
publisher = "Nature Publishing Group",
number = "11",
}

@article{Born1927,
author = {Born, M. and Oppenheimer, R.},
title = {Zur Quantentheorie der {Molekeln}},
journal = {Annalen der Physik},
volume = {389},
number = {20},
pages = {457-484},
year = {1927}
}

@inbook{martin_2004, 
place={Cambridge}, 
title={Contents}, 
booktitle={Electronic Structure: Basic Theory and Practical Methods}, 
publisher={Cambridge University Press}, 
author={Martin, Richard M.}, 
year={2004}, 
pages={vii-xvi}
}

@book{solid,
  title={固体能带理论},
  author = {谢希德，陆栋},
  year={1998},
  publisher={复旦大学出版社}
}

@article{wf1,
  title = {Maximally localized generalized {Wannier} functions for composite energy bands},
  author = {Marzari, Nicola and Vanderbilt, David},
  journal = {Phys. Rev. B},
  volume = {56},
  issue = {20},
  pages = {12847--12865},
  numpages = {0},
  year = {1997},
  month = {Nov},
  publisher = {American Physical Society},
  doi = {10.1103/PhysRevB.56.12847},
  url = {https://link.aps.org/doi/10.1103/PhysRevB.56.12847}
}

@article{wf2,
  title = {Maximally localized {Wannier} functions for entangled energy bands},
  author = {Souza, Ivo and Marzari, Nicola and Vanderbilt, David},
  journal = {Phys. Rev. B},
  volume = {65},
  issue = {3},
  pages = {035109},
  numpages = {13},
  year = {2001},
  month = {Dec},
  publisher = {American Physical Society},
  doi = {10.1103/PhysRevB.65.035109},
  url = {https://link.aps.org/doi/10.1103/PhysRevB.65.035109}
}

@article{sakuma,
  title = {Symmetry-adapted {Wannier} functions in the maximal localization procedure},
  author = {Sakuma, R.},
  journal = {Phys. Rev. B},
  volume = {87},
  issue = {23},
  pages = {235109},
  numpages = {8},
  year = {2013},
  month = {Jun},
  publisher = {American Physical Society},
  doi = {10.1103/PhysRevB.87.235109},
  url = {https://link.aps.org/doi/10.1103/PhysRevB.87.235109}
}

@article{review-arxiv,
abstract = {A short review paper for the quantum anomalous {Hall} effect. A substantially extended one is published as Adv. Phys. 64, 227 (2015).},
archivePrefix = {arXiv},
arxivId = {1509.05507},
author = {Weng, Hongming and Dai, Xi and Fang, Zhong},
eprint = {1509.05507},
number = {2015},
pages = {1--8},
title = {{From Anomalous {Hall} Effect to the Quantum Anomalous {Hall} Effect}},
volume = {227},
year = {2015}
}

@article{karplus54,
  title = {{Hall} Effect in Ferromagnetics},
  author = {Karplus, Robert and Luttinger, J. M.},
  journal = {Phys. Rev.},
  volume = {95},
  issue = {5},
  pages = {1154--1160},
  numpages = {0},
  year = {1954},
  month = {Sep},
  publisher = {American Physical Society},
  doi = {10.1103/PhysRev.95.1154}
}
@article{Haldane2,
  title = {Insulator/{Chern}-insulator transition in the {Haldane} model},
  author = {Thonhauser, T. and Vanderbilt, David},
  journal = {Phys. Rev. B},
  volume = {74},
  issue = {23},
  pages = {235111},
  numpages = {8},
  year = {2006},
  month = {Dec},
  publisher = {American Physical Society},
  doi = {10.1103/PhysRevB.74.235111}
}


@article{kane2,
  title = {Quantum Spin {Hall} Effect in Graphene},
  author = {Kane, C. L. and Mele, E. J.},
  journal = {Phys. Rev. Lett.},
  volume = {95},
  issue = {22},
  pages = {226801},
  numpages = {4},
  year = {2005},
  month = {Nov},
  publisher = {American Physical Society},
  doi = {10.1103/PhysRevLett.95.226801}
}

@article{TIreview,
author = {Hasan, M Z and Kane, C L},
journal = {Rev. Mod. Phys.},
month = {nov},
number = {4},
pages = {3045--3067},
publisher = {American Physical Society},
title = {{$\textit{Colloquium}$ : Topological insulators}},
volume = {82},
year = {2010}
}



@article{bernevig2004,
author = {B. Andrei Bernevig, Taylor L. Hughes, Shou-Cheng Zhang},
number = {July},
pages = {66--70},
title = {{Quantum Spin {Hall} Effect and Topological Phase Transition in HgTe Quantum Wells}},
volume = {305},
year = {2004}
}

@article{Asboth2015,
archivePrefix = {arXiv},
arxivId = {1509.02295},
author = {Asb{\'{o}}th, J{\'{a}}nos K. and Oroszl{\'{a}}ny, L{\'{a}}szl{\'{o}} and P{\'{a}}lyi, Andr{\'{a}}s},
doi = {10.1007/978-3-319-25607-8},
eprint = {1509.02295},
isbn = {978-3-319-25605-4},
issn = {0075-8450},
title = {{A Short Course on Topological Insulators: Band-structure topology and edge states in one and two dimensions}},
year = {2015}
}

@article{zhang2008,
  title = {Quantum Spin {Hall} Effect in Inverted Type-{II} Semiconductors},
  author = {Liu, Chaoxing and Hughes, Taylor L. and Qi, Xiao-Liang and Wang, Kang and Zhang, Shou-Cheng},
  journal = {Phys. Rev. Lett.},
  volume = {100},
  issue = {23},
  pages = {236601},
  numpages = {4},
  year = {2008},
  month = {Jun},
  publisher = {American Physical Society}
}

@article{InAs,
  title = {Evidence for Helical Edge Modes in Inverted $\mathrm{InAs}/\mathrm{GaSb}$ Quantum Wells},
  author = {Knez, Ivan and Du, Rui-Rui and Sullivan, Gerard},
  journal = {Phys. Rev. Lett.},
  volume = {107},
  issue = {13},
  pages = {136603},
  numpages = {5},
  year = {2011},
  month = {Sep},
  publisher = {American Physical Society}
}

@article{spin2013,
author = {Zhang, Haijun and Liu, Chao Xing and Zhang, Shou Cheng},
doi = {10.1103/PhysRevLett.111.066801},
eprint = {1211.0762},
issn = {00319007},
journal = {Physical Review Letters},
number = {6},
pages = {1--5},
title = {{Spin-orbital texture in topological insulators}},
volume = {111},
year = {2013}
}

@article{fuBiSe,
  title = {Surface states and topological invariants in three-dimensional topological insulators: Application to $\text{Bi}_{1\ensuremath{-}x}\text{Sb}_{x}$},
  author = {Teo, Jeffrey C. Y. and Fu, Liang and Kane, C. L.},
  journal = {Phys. Rev. B},
  volume = {78},
  issue = {4},
  pages = {045426},
  numpages = {15},
  year = {2008},
  month = {Jul},
  publisher = {American Physical Society}
}

@article{2009hsieh,
  title={A topological {Dirac} insulator in a quantum spin {Hall} phase},
  author={ Hsieh, D.  and  Qian, D.  and  Wray, L.  and  Xia, Y.  and  Hor, Y. S.  and  Cava, R. J.  and  Hasan, M. Z. },
  journal={Nature},
  volume={452},
  number={7190},
  pages={970-4},
  year={2009}
}



@article{xia2009,
  title={Observation of a large-gap topological-insulator class with a single {Dirac} cone on the surface},
  author={ Xia, Y.  and  Qian, D.  and  Hsieh, D.  and  Wray, L.  and  Pal, A.  and  Lin, H.  and  Bansil, A.  and  Grauer, D.  and  Hor, Y. S.  and  Cava, R. J. },
  journal={Nature Physics},
  volume={5},
  number={6},
  pages={398-402},
  year={2009}
}

@article{hsieh2009,
  title={A tunable topological insulator in the spin helical {Dirac} transport regime},
  author={ Hsieh, D.  and  Xia, Y.  and  Qian, D.  and  Wray, L.  and  Hasan, M. Z. },
  journal={Nature},
  volume={460},
  number={7259},
  pages={1101-1105},
  year={2009}
}

@article {Yu61,
	author = {Yu, Rui and Zhang, Wei and Zhang, Hai-Jun and Zhang, Shou-Cheng and Dai, Xi and Fang, Zhong},
	title = {Quantized Anomalous {Hall} Effect in Magnetic Topological Insulators},
	volume = {329},
	number = {5987},
	pages = {61--64},
	year = {2010},
	doi = {10.1126/science.1187485},
	publisher = {American Association for the Advancement of Science},
	issn = {0036-8075},
	journal = {Science}
}

@article {xue13,
	author = {Chang, Cui-Zu and Zhang, Jinsong and Feng, Xiao and Shen, Jie and Zhang, Zuocheng and Guo, Minghua and Li, Kang and Ou, Yunbo and Wei, Pang and Wang, Li-Li and Ji, Zhong-Qing and Feng, Yang and Ji, Shuaihua and Chen, Xi and Jia, Jinfeng and Dai, Xi and Fang, Zhong and Zhang, Shou-Cheng and He, Ke and Wang, Yayu and Lu, Li and Ma, Xu-Cun and Xue, Qi-Kun},
	title = {Experimental Observation of the Quantum Anomalous {Hall} Effect in a Magnetic Topological Insulator},
	volume = {340},
	number = {6129},
	pages = {167--170},
	year = {2013},
	doi = {10.1126/science.1234414},
	publisher = {American Association for the Advancement of Science},
	issn = {0036-8075},
	journal = {Science}
}

@article{Yan2010,
	year = 2010,
	month = {may},
	publisher = {{IOP} Publishing},
	volume = {90},
	number = {3},
	pages = {37002},
	author = {Binghai Yan and Chao-Xing Liu and Hai-Jun Zhang and Chi-Yung Yam and Xiao-Liang Qi and Thomas Frauenheim and Shou-Cheng Zhang},
	title = {Theoretical prediction of topological insulators in thallium-based {III}-{V}-{VI$_2$} ternary chalcogenides},
	journal = {{EPL} (Europhysics Letters)}
	}

@article{chen10,
  title = {Single {Dirac} Cone Topological Surface State and Unusual Thermoelectric Property of Compounds from a New Topological Insulator Family},
  author = {Chen, Y. L. and Liu, Z. K. and Analytis, J. G. and Chu, J.-H. and Zhang, H. J. and Yan, B. H. and Mo, S.-K. and Moore, R. G. and Lu, D. H. and Fisher, I. R. and Zhang, S. C. and Hussain, Z. and Shen, Z.-X.},
  journal = {Phys. Rev. Lett.},
  volume = {105},
  issue = {26},
  pages = {266401},
  numpages = {4},
  year = {2010},
  month = {Dec},
  publisher = {American Physical Society}
  }

  @article{half2010,
  title = {Half-Heusler Compounds as a New Class of Three-Dimensional Topological Insulators},
  author = {Xiao, Di and Yao, Yugui and Feng, Wanxiang and Wen, Jun and Zhu, Wenguang and Chen, Xing-Qiu and Stocks, G. Malcolm and Zhang, Zhenyu},
  journal = {Phys. Rev. Lett.},
  volume = {105},
  issue = {9},
  pages = {096404},
  numpages = {4},
  year = {2010},
  month = {Aug},
  publisher = {American Physical Society}
}


@article{wengzrte,
  title = {Transition-Metal Pentatelluride $\mathrm{ZrTe}{}_{5}$ and $\mathrm{HfTe}{}_{5}$: A Paradigm for Large-Gap Quantum Spin {Hall} Insulators},
  author = {Weng, Hongming and Dai, Xi and Fang, Zhong},
  journal = {Phys. Rev. X},
  volume = {4},
  issue = {1},
  pages = {011002},
  numpages = {8},
  year = {2014},
  month = {Jan},
  publisher = {American Physical Society}
}


@article{Gao2020,
  title={Irvsp: to obtain irreducible representations of electronic states in the VASP},
  author={Gao, Jiacheng and Wu, Quansheng and Persson, Clas and Wang, Zhijun},
  journal={Computer Physics Communications},
  volume={261},
  pages={107760},
  year={2021},
  publisher={Elsevier}
}

@article {Fangc2t,
	author = {Fang, Chen and Fu, Liang},
	title = {New classes of topological crystalline insulators having surface rotation anomaly},
	volume = {5},
	number = {12},
	elocation-id = {eaat2374},
	year = {2019},
	doi = {10.1126/sciadv.aat2374},
	publisher = {American Association for the Advancement of Science},
	journal = {Science Advances}
}

@article{2020Fragility,
  title={Fragility of time-reversal symmetry protected topological phases},
  author={ Mcginley, M.  and  Cooper, N. R. },
  journal={Nature Physics},
  pages={1181–1183 },
  year={2020},
}

@article{Song2020,
author = {Song, Zhi-da and Elcoro, Luis and Bernevig, B Andrei},
journal = {Science},
number = {February},
pages = {794--797},
title = {{Twisted bulk-boundary correspondence of fragile topology}},
volume = {797},
year = {2020}
}

@article{Peng2021,
archivePrefix = {arXiv},
arxivId = {2102.12645},
author = {Peng, Bingrui and Jiang, Yi and Fang, Zhong and Weng, Hongming and Fang, Chen},
eprint = {2102.12645},
number = {Lc},
pages = {1--153},
title = {{Topological classification and diagnosis in magnetically ordered electronic materials}},
year = {2021}
}

@article{Dziawa2012,
author = {Dziawa, P. and Kowalski, B. J. and Dybko, K. and Buczko, R. and Szczerbakow, A. and Szot, M. and {\L}usakowska, E. and Balasubramanian, T. and Wojek, B. M. and Berntsen, M. H. and Tjernberg, O. and Story, T.},
doi = {10.1038/nmat3449},
eprint = {1206.1705},
issn = {14761122},
journal = {Nature Materials},
number = {12},
pages = {1023--1027},
title = {{Topological crystalline insulator states in Pb{$_{1-x}$}Sn{$_x$}Se}},
volume = {11},
year = {2012}
}

@article{liucx2014,
  title = {Topological nonsymmorphic crystalline insulators},
  author = {Liu, Chao-Xing and Zhang, Rui-Xing and VanLeeuwen, Brian K.},
  journal = {Phys. Rev. B},
  volume = {90},
  issue = {8},
  pages = {085304},
  numpages = {9},
  year = {2014},
  month = {Aug},
  publisher = {American Physical Society}
}


@article{Fang2015new,
author = {Fang, Chen and Fu, Liang},
issn = {1550235X},
journal = {Physical Review B - Condensed Matter and Materials Physics},
month = {apr},
number = {16},
publisher = {American Physical Society},
title = {{New classes of three-dimensional topological crystalline insulators: Nonsymmorphic and magnetic}},
volume = {91},
year = {2015}
}

@article {bernevig17,
	author = {Benalcazar, Wladimir A. and Bernevig, B. Andrei and Hughes, Taylor L.},
	title = {Quantized electric multipole insulators},
	volume = {357},
	number = {6346},
	pages = {61--66},
	year = {2017},
	doi = {10.1126/science.aah6442},
	publisher = {American Association for the Advancement of Science},
	issn = {0036-8075},
	journal = {Science}
}

@article{Shiozaki,
  title = {{${Z}_{2}$} topology in nonsymmorphic crystalline insulators: M\"obius twist in surface states},
  author = {Shiozaki, Ken and Sato, Masatoshi and Gomi, Kiyonori},
  journal = {Phys. Rev. B},
  volume = {91},
  issue = {15},
  pages = {155120},
  numpages = {9},
  year = {2015},
  month = {Apr},
  publisher = {American Physical Society}
}

@article{Schindler2018,
author = {Schindler, Frank and Wang, Zhijun and Vergniory, Maia G. and Cook, Ashley M. and Murani, Anil and Sengupta, Shamashis and Kasumov, Alik Yu and Deblock, Richard and Jeon, Sangjun and Drozdov, Ilya and Bouchiat, H{\'{e}}l{\`{e}}ne and Gu{\'{e}}ron, Sophie and Yazdani, Ali and Bernevig, B. Andrei and Neupert, Titus},
doi = {10.1038/s41567-018-0224-7},
issn = {17452481},
journal = {Nature Physics},
number = {9},
pages = {918--924},
title = {{Higher-order topology in bismuth}},
volume = {14},
year = {2018}
}

@article{Song2019,
author = {Song, Zhida and Huang, Sheng Jie and Qi, Yang and Fang, Chen and Hermele, Michael},
doi = {10.1126/sciadv.aax2007},
eprint = {1810.02330},
issn = {23752548},
journal = {Science Advances},
number = {12},
title = {{Topological states from topological crystals}},
volume = {5},
year = {2019}
}

@article{Songreal,
author = {Song, Zhida and Fang, Chen and Qi, Yang},
doi = {10.1038/s41467-020-17685-5},
issn = {20411723},
journal = {Nature Communications},
number = {1},
pages = {1--14},
pmid = {32826908},
publisher = {Springer US},
title = {{Real-space recipes for general topological crystalline states}},
volume = {11},
year = {2020}
}


@article{Elcoro2020,
archivePrefix = {arXiv},
arxivId = {2010.00598},
author = {Elcoro, Luis and Wieder, Benjamin J. and Song, Zhida and Xu, Yuanfeng and Bradlyn, Barry and Bernevig, B. Andrei},
eprint = {2010.00598},
pages = {45--47},
title = {{Magnetic Topological Quantum Chemistry}},
year = {2020}
}

@article{Murakami2,
  title = {Tuning phase transition between quantum spin {Hall} and ordinary insulating phases},
  author = {Murakami, Shuichi and Iso, Satoshi and Avishai, Yshai and Onoda, Masaru and Nagaosa, Naoto},
  journal = {Phys. Rev. B},
  volume = {76},
  issue = {20},
  pages = {205304},
  numpages = {6},
  year = {2007},
  month = {Nov},
  publisher = {American Physical Society}
}


@article{Yang2014,
author = {Yang, Bohm Jung and Nagaosa, Naoto},
eprint = {1404.0754},
isbn = {2041-1723},
issn = {20411723},
journal = {Nature Communications},
pages = {1--10},
pmid = {25222476},
publisher = {Nature Publishing Group},
title = {{Classification of stable three-dimensional {Dirac} semimetals with nontrivial topology}},
volume = {5},
year = {2014}
}

@article{spinels,
  title = {Bulk {Dirac} Points in Distorted Spinels},
  author = {Steinberg, Julia A. and Young, Steve M. and Zaheer, Saad and Kane, C. L. and Mele, E. J. and Rappe, Andrew M.},
  journal = {Phys. Rev. Lett.},
  volume = {112},
  issue = {3},
  pages = {036403},
  numpages = {5},
  year = {2014},
  month = {Jan},
  publisher = {American Physical Society}
}

@article{Young12,
  title = {Dirac Semimetal in Three Dimensions},
  author = {Young, S. M. and Zaheer, S. and Teo, J. C. Y. and Kane, C. L. and Mele, E. J. and Rappe, A. M.},
  journal = {Phys. Rev. Lett.},
  volume = {108},
  issue = {14},
  pages = {140405},
  numpages = {5},
  year = {2012},
  month = {Apr},
  publisher = {American Physical Society}
}

@article{Brien2016,
  title = {Magnetic Breakdown and Klein Tunneling in a Type-{II} {Weyl} Semimetal},
  author = {O'Brien, T. E. and Diez, M. and Beenakker, C. W. J.},
  journal = {Phys. Rev. Lett.},
  volume = {116},
  issue = {23},
  pages = {236401},
  numpages = {6},
  year = {2016},
  month = {Jun},
  publisher = {American Physical Society}
}

@article{Tsirkin2017,
author = {Tsirkin, Stepan S. and Souza, Ivo and Vanderbilt, David},
eprint = {1704.00129},
issn = {24699969},
journal = {Physical Review B},
number = {4},
pages = {1--15},
title = {{Composite {Weyl} nodes stabilized by screw symmetry with and without time-reversal invariance}},
volume = {96},
year = {2017}
}

@article{Fang2012,
author = {Fang, Chen and Gilbert, Matthew J. and Dai, Xi and Bernevig, B. Andrei},
issn = {00319007},
journal = {Physical Review Letters},
number = {26},
pages = {1--5},
title = {{Multi-{Weyl} topological semimetals stabilized by point group symmetry}},
volume = {108},
year = {2012}
}



@article{xuSY2015,
  title={Discovery of a {Weyl} fermion state with {Fermi} arcs in niobium arsenide},
  author={ Xu, S. Y.  and  Alidoust, N.  and  Belopolski, I.  and  Yuan, Z.  and  Bian, G.  and  Chang, T. R.  and  Zheng, H.  and  Strocov, V. N.  and  Sanchez, D. S.  and  Chang, G. },
  journal={Nature Physics},
  volume={11},
  pages={748–754},
  year={2015}
}

@article{cosns2018,
  title={Large intrinsic anomalous {Hall} effect in half-metallic ferromagnet {Co$_3$Sn$_2$S$_2$} with magnetic {Weyl} {Fermions}},
  author={ Wang, Q.  and  Xu, Y.  and  Lou, R.  and  Liu, Z.  and  Li, M.  and  Huang, Y.  and  Shen, D.  and  Weng, H.  and  Wang, S.  and  Lei, H. },
  journal={Nature Communications},
  volume={9},
  pages={3681},
  year={2018}
}

@article{2017Giant,
  title={Giant anomalous {Hall} effect in a ferromagnetic Kagome-lattice semimetal},
  author={ Liu, E.  and  Sun, Y.  and  Kumar, N.  and  Meuchler, L.  and  Sun, A.  and  Jiao, L.  and  Yang, S. Y.  and  Liu, D.  and  Liang, A.  and  Xu, Q. },
  year={2017},
  journal={Nature Physics},
  volume={14},
  pages={1125–1131}
}

@article{xucosns,
  title = {Topological surface {Fermi} arcs in the magnetic {Weyl} semimetal $\mathrm{Co}_{3}\mathrm{Sn}_{2}\mathrm{S}_{2}$},
  author = {Xu, Qiunan and Liu, Enke and Shi, Wujun and Muechler, Lukas and Gayles, Jacob and Felser, Claudia and Sun, Yan},
  journal = {Phys. Rev. B},
  volume = {97},
  issue = {23},
  pages = {235416},
  numpages = {8},
  year = {2018},
  month = {Jun},
  publisher = {American Physical Society}
}

@article{zhanghj2019,
author = {Zhang, Dongqin and Shi, Minji and Zhu, Tongshuai and Xing, Dingyu and Zhang, Haijun and Wang, Jing},
issn = {10797114},
journal = {Physical Review Letters},
number = {20},
pages = {206401},
publisher = {American Physical Society},
title = {{Topological Axion States in the Magnetic Insulator {MnBi$_2$Te$_4$} with the Quantized Magnetoelectric Effect}},
volume = {122},
year = {2019}
}

@article{Li2019,
author = {Li, Jiaheng and Li, Yang and Du, Shiqiao and Wang, Zun and Gu, Bing Lin and Zhang, Shou Cheng and He, Ke and Duan, Wenhui and Xu, Yong},
issn = {23752548},
journal = {Science Advances},
number = {6},
pages = {1--8},
title = {{Intrinsic magnetic topological insulators in Van der Waals layered {MnBi$_2$Te$_4$}-family materials}},
volume = {5},
year = {2019}
}


@article{chiu2014,
  title = {Classification of reflection-symmetry-protected topological semimetals and nodal superconductors},
  author = {Chiu, Ching-Kai and Schnyder, Andreas P.},
  journal = {Phys. Rev. B},
  volume = {90},
  issue = {20},
  pages = {205136},
  numpages = {26},
  year = {2014},
  month = {Nov},
  publisher = {American Physical Society},
  doi = {10.1103/PhysRevB.90.205136}
}

@article{fang2015nl,
  title = {Topological nodal line semimetals with and without spin-orbital coupling},
  author = {Fang, Chen and Chen, Yige and Kee, Hae-Young and Fu, Liang},
  journal = {Phys. Rev. B},
  volume = {92},
  issue = {8},
  pages = {081201},
  numpages = {5},
  year = {2015},
  month = {Aug},
  publisher = {American Physical Society},
  doi = {10.1103/PhysRevB.92.081201}
}

@article{Fang2016cpb,
author = {Fang, Chen and Weng, Hongming and Dai, Xi and Fang, Zhong},
isbn = {1674-1056},
issn = {20583834},
journal = {Chinese Physics B},
keywords = {nodal band structures,topological invariatns,topological semimetals},
number = {11},
pages = {1--10},
title = {{Topological nodal line semimetals}},
volume = {25},
year = {2016}
}

@article{burkov2011,
  title = {Topological nodal semimetals},
  author = {Burkov, A. A. and Hook, M. D. and Balents, Leon},
  journal = {Phys. Rev. B},
  volume = {84},
  issue = {23},
  pages = {235126},
  numpages = {14},
  year = {2011},
  month = {Dec},
  publisher = {American Physical Society},
  doi = {10.1103/PhysRevB.84.235126},
}

@article{kim2015nl,
  title = {Dirac Line Nodes in Inversion-Symmetric Crystals},
  author = {Kim, Youngkuk and Wieder, Benjamin J. and Kane, C. L. and Rappe, Andrew M.},
  journal = {Phys. Rev. Lett.},
  volume = {115},
  issue = {3},
  pages = {036806},
  numpages = {5},
  year = {2015},
  month = {Jul},
  publisher = {American Physical Society},
  doi = {10.1103/PhysRevLett.115.036806}
}

@article{shao2020,
  title = {Filling-enforced {Dirac} nodal loops in nonmagnetic systems and their evolutions under various perturbations},
  author = {Shao, Dexi and Fang, Chen},
  journal = {Phys. Rev. B},
  volume = {102},
  issue = {16},
  pages = {165135},
  numpages = {15},
  year = {2020},
  month = {Oct},
  publisher = {American Physical Society},
  doi = {10.1103/PhysRevB.102.165135}
}

@article{wu2020,
  title = {Exhaustive list of topological hourglass band crossings in 230 space groups},
  author = {Wu, Lin and Tang, Feng and Wan, Xiangang},
  journal = {Phys. Rev. B},
  volume = {102},
  issue = {3},
  pages = {035106},
  numpages = {10},
  year = {2020},
  month = {Jul},
  publisher = {American Physical Society},
  doi = {10.1103/PhysRevB.102.035106}
}

@article{liang2016,
  title = {Node-surface and node-line {Fermions} from nonsymmorphic lattice symmetries},
  author = {Liang, Qi-Feng and Zhou, Jian and Yu, Rui and Wang, Zhi and Weng, Hongming},
  journal = {Phys. Rev. B},
  volume = {93},
  issue = {8},
  pages = {085427},
  numpages = {10},
  year = {2016},
  month = {Feb},
  publisher = {American Physical Society},
  doi = {10.1103/PhysRevB.93.085427}
}

@article{chen2016,
  title = {Topological crystalline semimetals in nonsymmorphic lattices},
  author = {Chen, Yige and Kim, Heung-Sik and Kee, Hae-Young},
  journal = {Phys. Rev. B},
  volume = {93},
  issue = {15},
  pages = {155140},
  numpages = {6},
  year = {2016},
  month = {Apr},
  publisher = {American Physical Society},
  doi = {10.1103/PhysRevB.93.155140}
}


@article{song2018nl,
author = {Song, Zhida and Zhang, Tiantian and Fang, Chen},
doi = {10.1103/PhysRevX.8.031069},
isbn = {1064-8011},
issn = {21603308},
journal = {Physical Review X},
number = {3},
pages = {31069},
pmid = {20683237},
publisher = {American Physical Society},
title = {{Diagnosis for Nonmagnetic Topological Semimetals in the Absence of Spin-Orbital Coupling}},
volume = {8},
year = {2018}
}

@article{TlTaSe,
  title = {Drumhead surface states and topological nodal-line {Fermions} in ${\mathrm{TlTaSe}}_{2}$},
  author = {Bian, Guang and Chang, Tay-Rong and Zheng, Hao and Velury, Saavanth and Xu, Su-Yang and Neupert, Titus and Chiu, Ching-Kai and Huang, Shin-Ming and Sanchez, Daniel S. and Belopolski, Ilya and Alidoust, Nasser and Chen, Peng-Jen and Chang, Guoqing and Bansil, Arun and Jeng, Horng-Tay and Lin, Hsin and Hasan, M. Zahid},
  journal = {Phys. Rev. B},
  volume = {93},
  issue = {12},
  pages = {121113},
  numpages = {6},
  year = {2016},
  month = {Mar},
  publisher = {American Physical Society}
}


@article{Bian2016,
author = {Bian, Guang and Chang, Tay Rong and Sankar, Raman and Xu, Su Yang and Zheng, Hao and Neupert, Titus and Chiu, Ching Kai and Huang, Shin Ming and Chang, Guoqing and Belopolski, Ilya and Sanchez, Daniel S. and Neupane, Madhab and Alidoust, Nasser and Liu, Chang and Wang, Bao Kai and Lee, Chi Cheng and Jeng, Horng Tay and Zhang, Chenglong and Yuan, Zhujun and Jia, Shuang and Bansil, Arun and Chou, Fangcheng and Lin, Hsin and Hasan, M. Zahid},
doi = {10.1038/ncomms10556},
issn = {20411723},
journal = {Nature Communications},
pages = {1--8},
publisher = {Nature Publishing Group},
title = {{Topological nodal-line {Fermions} in spin-orbit metal {PbTaSe}{$_2$}}},
volume = {7},
year = {2016}
}

@article{Li2021,
archivePrefix = {arXiv},
arxivId = {2101.01523},
author = {Li, Xiao-Ping and Fu, Botao and Ma, Da-Shuai and Cui, Chaoxi and Yu, Zhi-Ming and Yao, Yugui},
eprint = {2101.01523},
pages = {1--6},
title = {{Double {Dirac} Nodal Line Semimetal with Torus Surface State}},
year = {2021}
}

@article{Yu2021,
archivePrefix = {arXiv},
arxivId = {2102.01517},
author = {Yu, Zhi-Ming and Zhang, Zeying and Liu, Gui-Bin and Wu, Weikang and Li, Xiao-Ping and Zhang, Run-Wu and Yang, Shengyuan A and Yao, Yugui},
eprint = {2102.01517},
pages = {1--1233},
title = {{Encyclopedia of emergent particles in three-dimensional crystals}},
year = {2021}
}



@article{Watanabe2018,
author = {Watanabe, Haruki and Po, Hoi Chun and Vishwanath, Ashvin},
issn = {23752548},
journal = {Science Advances},
number = {8},
pages = {1--10},
pmid = {10076005},
title = {{Structure and topology of band structures in the 1651 magnetic space groups}},
volume = {4},
year = {2018}
}

@article{xuyf2020,
  title={High-throughput calculations of magnetic topological materials},
  author={ Xu, Y.  and  Elcoro, L.  and  Song, Z. D.  and  Wieder, B. J.  and  Bernevig, B. A. },
  journal={Nature},
  volume={586},
  number={7831},
  pages={702-707},
  year={2020},
}


@article{hall1879,
 ISSN = {00029327, 10806377},
 author = {E. H. {Hall}},
 journal = {American Journal of Mathematics},
 number = {3},
 pages = {287--292},
 publisher = {Johns Hopkins University Press},
 title = {On a New Action of the Magnet on Electric Currents},
 volume = {2},
 year = {1879}
}


@article{hall1881,
 author = {E. H. Hall},
 journal = {Philos. Mag.},
 number = {74},
 pages = {157-172},
 title = {On the “Rotational Coefficient” in nickel and cobalt},
 volume = {12},
 year = {1881}
}

@article{Pugh1930,
  title = {{Hall} Effect and the Magnetic Properties of Some Ferromagnetic Materials},
  author = {Pugh, Emerson M.},
  journal = {Phys. Rev.},
  volume = {36},
  issue = {9},
  pages = {1503--1511},
  numpages = {0},
  year = {1930},
  month = {Nov},
  publisher = {American Physical Society}
}

@article{Pugh1932,
  title = {{Hall} e.m.f. and Intensity of Magnetization},
  author = {Pugh, E. M. and Lippert, T. W.},
  journal = {Phys. Rev.},
  volume = {42},
  issue = {5},
  pages = {709--713},
  numpages = {0},
  year = {1932},
  month = {Dec},
  publisher = {American Physical Society},
  doi = {10.1103/PhysRev.42.709}
  }

@article{SMIT1955877,
title = {The spontaneous {Hall} effect in ferromagnetics {I}},
journal = {Physica},
volume = {21},
number = {6},
pages = {877-887},
year = {1955},
issn = {0031-8914},
author = {J. Smit}
}

@article{SMIT195839,
title = {The spontaneous {Hall} effect in ferromagnetics {II}},
journal = {Physica},
volume = {24},
number = {1},
pages = {39-51},
year = {1958},
issn = {0031-8914},
author = {J. Smit}
}

@article{Berger1970,
  title = {Side-Jump Mechanism for the {Hall} Effect of Ferromagnets},
  author = {Berger, L.},
  journal = {Phys. Rev. B},
  volume = {2},
  issue = {11},
  pages = {4559--4566},
  numpages = {0},
  year = {1970},
  month = {Dec},
  publisher = {American Physical Society},
  doi = {10.1103/PhysRevB.2.4559},
  url = {https://link.aps.org/doi/10.1103/PhysRevB.2.4559}
}

@article{Berry1802,
author = {Berry, Michael Victor },
title = {Quantal phase factors accompanying adiabatic changes},
journal = {Proceedings of the Royal Society of London. A. Mathematical and Physical Sciences},
volume = {392},
number = {1802},
pages = {45-57},
year = {1984}
}

@article{Klitzing1980,
  title = {New Method for High-Accuracy Determination of the Fine-Structure Constant Based on Quantized {Hall} Resistance},
  author = {Klitzing, K. v. and Dorda, G. and Pepper, M.},
  journal = {Phys. Rev. Lett.},
  volume = {45},
  issue = {6},
  pages = {494--497},
  numpages = {0},
  year = {1980},
  month = {Aug},
  publisher = {American Physical Society}
}

@article{Laughlin1981,
  title = {Quantized {Hall} conductivity in two dimensions},
  author = {Laughlin, R. B.},
  journal = {Phys. Rev. B},
  volume = {23},
  issue = {10},
  pages = {5632--5633},
  numpages = {0},
  year = {1981},
  month = {May},
  publisher = {American Physical Society}
}

@article{TKNN1982,
  title = {Quantized {Hall} Conductance in a Two-Dimensional Periodic Potential},
  author = {Thouless, D. J. and Kohmoto, M. and Nightingale, M. P. and den Nijs, M.},
  journal = {Phys. Rev. Lett.},
  volume = {49},
  issue = {6},
  pages = {405--408},
  numpages = {0},
  year = {1982},
  month = {Aug},
  publisher = {American Physical Society}
}

@article{1929weyl,
  title={Elektron und Gravitation. I},
  author={ Weyl, H. },
  journal={Zeitschrift für Physik},
  volume={56},
  number={5},
  pages={330-352},
  year={1929},
}

@article{NIELSEN198120,
title = {Absence of neutrinos on a lattice: ({I}). Proof by homotopy theory},
journal = {Nuclear Physics B},
volume = {185},
number = {1},
pages = {20-40},
year = {1981},
issn = {0550-3213},
author={H.B.Nielsen,M.Ninomiya}
}

@article{NIELSEN1981173,
title = {Absence of neutrinos on a lattice: ({II}). Intuitive topological proof},
journal = {Nuclear Physics B},
volume = {193},
number = {1},
pages = {173-194},
year = {1981},
issn = {0550-3213},
author={H.B.Nielsen,M.Ninomiya}
}

@article{Hohenberg1964,
  title = {Inhomogeneous Electron Gas},
  author = {Hohenberg, P. and Kohn, W.},
  journal = {Phys. Rev.},
  volume = {136},
  issue = {3B},
  pages = {B864--B871},
  numpages = {0},
  year = {1964},
  month = {Nov},
  publisher = {American Physical Society}
}

@article{Mermin65,
  title = {Thermal Properties of the Inhomogeneous Electron Gas},
  author = {Mermin, N. David},
  journal = {Phys. Rev.},
  volume = {137},
  issue = {5A},
  pages = {A1441--A1443},
  numpages = {0},
  year = {1965},
  month = {Mar},
  publisher = {American Physical Society}
}

@article{hartree_1928, 
title={The Wave Mechanics of an Atom with a Non-Coulomb Central Field. Part {I}. Theory and Methods}, 
volume={24},  
number={1}, 
journal={Mathematical Proceedings of the Cambridge Philosophical Society}, 
publisher={Cambridge University Press}, 
author={Hartree, D. R.}, 
year={1928}, 
pages={89–110}
}

@article{Slater30,
  title = {Note on Hartree's Method},
  author = {Slater, J. C.},
  journal = {Phys. Rev.},
  volume = {35},
  issue = {2},
  pages = {210--211},
  numpages = {0},
  year = {1930},
  month = {Jan},
  publisher = {American Physical Society}
}

@article{1930fock,
  title={Naherungsmethode zur Losung des quantenmechanischen Mehrkorperproblems},
  author={ Fock, V. },
  journal={Zeitschrift Fur Physik A Hadrons and Nuclei},
  volume={61},
  pages = {126–148},
  year={1930}
}

@article{thomas_1927, 
title={The calculation of atomic fields}, 
volume={23}, 
number={5}, 
journal={Mathematical Proceedings of the Cambridge Philosophical Society}, publisher={Cambridge University Press}, 
author={Thomas, L. H.}, 
year={1927}, 
pages={542–548}
}


@article{fermi_1927, 
title={Un Metodo Statistico per la Determinazione di alcune Prioprietà dell’Atomo}, 
volume={6}, 
journal={Endiconti: Accademia Nazionale dei Lincei},  
author={Fermi, E.}, 
year={1927}, 
pages={602-607}
}

@article{dirac_1930, 
title={Note on Exchange Phenomena in the Thomas Atom}, 
volume={26}, 
number={3}, 
journal={Mathematical Proceedings of the Cambridge Philosophical Society}, publisher={Cambridge University Press}, 
author={Dirac, P. A. M.}, 
year={1930}, 
pages={376–385}
}

@article{Kohn-Sham,
  title = {Self-Consistent Equations Including Exchange and Correlation Effects},
  author = {Kohn, W. and Sham, L. J.},
  journal = {Phys. Rev.},
  volume = {140},
  issue = {4A},
  pages = {A1133--A1138},
  numpages = {0},
  year = {1965},
  month = {Nov},
  publisher = {American Physical Society}
}


@article{lda1,
  title = {Ground State of the Electron Gas by a Stochastic Method},
  author = {Ceperley, D. M. and Alder, B. J.},
  journal = {Phys. Rev. Lett.},
  volume = {45},
  issue = {7},
  pages = {566--569},
  numpages = {0},
  year = {1980},
  month = {Aug},
  publisher = {American Physical Society}
}

@article{lda2,
  title = {Self-interaction correction to density-functional approximations for many-electron systems},
  author = {Perdew, J. P. and Zunger, Alex},
  journal = {Phys. Rev. B},
  volume = {23},
  issue = {10},
  pages = {5048--5079},
  numpages = {0},
  year = {1981},
  month = {May},
  publisher = {American Physical Society}
}

@article{gga1,
  title = {Theory of nonuniform electronic systems. {I}. Analysis of the gradient approximation and a generalization that works},
  author = {Langreth, David C. and Perdew, John P.},
  journal = {Phys. Rev. B},
  volume = {21},
  issue = {12},
  pages = {5469--5493},
  numpages = {0},
  year = {1980},
  month = {Jun},
  publisher = {American Physical Society}
}

@article{gga2,
  title = {Density-functional exchange-energy approximation with correct asymptotic behavior},
  author = {Becke, A. D.},
  journal = {Phys. Rev. A},
  volume = {38},
  issue = {6},
  pages = {3098--3100},
  numpages = {0},
  year = {1988},
  month = {Sep},
  publisher = {American Physical Society}
}


@book{solid2,
  title={高等学校教材 固体物理学},
  author={黄昆 and 韩汝琦改},
  publisher={高等学校教材  固体物理学},
  year={1988},
}

@book{solid3,
  title={固体物理基础},
  author={孙会元},
  publisher={固体物理基础},
  year={2010},
}

@article{Hamann1979,
  title = {Norm-Conserving Pseudopotentials},
  author = {Hamann, D. R. and Schl\"uter, M. and Chiang, C.},
  journal = {Phys. Rev. Lett.},
  volume = {43},
  issue = {20},
  pages = {1494--1497},
  numpages = {0},
  year = {1979},
  month = {Nov},
  publisher = {American Physical Society}
}

@article{Hamann1989,
  title = {Generalized norm-conserving pseudopotentials},
  author = {Hamann, D. R.},
  journal = {Phys. Rev. B},
  volume = {40},
  issue = {5},
  pages = {2980--2987},
  numpages = {0},
  year = {1989},
  month = {Aug},
  publisher = {American Physical Society}
}

@article{soft90,
  title = {Soft self-consistent pseudopotentials in a generalized eigenvalue formalism},
  author = {Vanderbilt, David},
  journal = {Phys. Rev. B},
  volume = {41},
  issue = {11},
  pages = {7892--7895},
  numpages = {0},
  year = {1990},
  month = {Apr},
  publisher = {American Physical Society}
}


@article{gapless2020,
  title = {Gapless Criterion for Crystals from Effective Axion Field},
  author = {Yu, Jiabin and Song, Zhi-Da and Liu, Chao-Xing},
  journal = {Phys. Rev. Lett.},
  volume = {125},
  issue = {3},
  pages = {036401},
  numpages = {6},
  year = {2020},
  month = {Jul},
  publisher = {American Physical Society}
}


@article{mnbite1,
  title={Magnetically controllable topological quantum phase transitions in the antiferromagnetic topological insulator {MnBi$_2$Te$_4$}},
  author={Li, Jiaheng and Wang, Chong and Zhang, Zetao and Gu, Bing-Lin and Duan, Wenhui and Xu, Yong},
  journal={Physical Review B},
  volume={100},
  number={12},
  pages={121103},
  year={2019},
  publisher={APS}
}

@article{mnbite2,
  title={Unique thickness-dependent properties of the {Van} der {Waals} interlayer antiferromagnet {MnBi$_2$Te$_4$} films},
  author={Otrokov, Mikhail M and Rusinov, Igor P and Blanco-Rey, Mar{\'\i}a and Hoffmann, M and Vyazovskaya, A Yu and Eremeev, Sergey V and Ernst, A and Echenique, Pedro Miguel and Arnau, Andr{\'e}s and Chulkov, Evgueni V},
  journal={Physical review letters},
  volume={122},
  number={10},
  pages={107202},
  year={2019},
  publisher={APS}
}

@article{mnbite3,
  title={Quantum anomalous {Hall} effect in intrinsic magnetic topological insulator {MnBi$_2$Te$_4$}},
  author={Deng, Yujun and Yu, Yijun and Shi, Meng Zhu and Guo, Zhongxun and Xu, Zihan and Wang, Jing and Chen, Xian Hui and Zhang, Yuanbo},
  journal={Science},
  volume={367},
  number={6480},
  pages={895--900},
  year={2020},
  publisher={American Association for the Advancement of Science}
}

@article{mnbite4,
  title={Robust axion insulator and {Chern} insulator phases in a two-dimensional antiferromagnetic topological insulator},
  author={Liu, Chang and Wang, Yongchao and Li, Hao and Wu, Yang and Li, Yaoxin and Li, Jiaheng and He, Ke and Xu, Yong and Zhang, Jinsong and Wang, Yayu},
  journal={Nature materials},
  volume={19},
  number={5},
  pages={522--527},
  year={2020},
  publisher={Nature Publishing Group}
}

@article{mnbite5,
  title={High-{Chern}-number and high-temperature quantum {Hall} effect without {Landau} levels},
  author={Ge, Jun and Liu, Yanzhao and Li, Jiaheng and Li, Hao and Luo, Tianchuang and Wu, Yang and Xu, Yong and Wang, Jian},
  journal={National Science Review},
  volume={7},
  number={8},
  pages={1280--1287},
  year={2020},
  publisher={Oxford University Press}
}

@article{tian2020,
  title = {Magnetic topological insulator {MnBi}$_{6}${Te}$_{10}$ with a zero-field ferromagnetic state and gapped Dirac surface states},
  author = {Tian, Shangjie and Gao, Shunye and Nie, Simin and Qian, Yuting and Gong, Chunsheng and Fu, Yang and Li, Hang and Fan, Wenhui and Zhang, Peng and Kondo, Takesh and Shin, Shik and Adell, Johan and Fedderwitz, Hanna and Ding, Hong and Wang, Zhijun and Qian, Tian and Lei, Hechang},
  journal = {Phys. Rev. B},
  volume = {102},
  issue = {3},
  pages = {035144},
  numpages = {7},
  year = {2020},
  month = {Jul},
  publisher = {American Physical Society}
}

@article{hu2020,
  title={Realization of an intrinsic ferromagnetic topological state in MnBi8Te13},
  author={Hu, Chaowei and Ding, Lei and Gordon, Kyle N and Ghosh, Barun and Tien, Hung-Ju and Li, Haoxiang and Linn, A Garrison and Lien, Shang-Wei and Huang, Cheng-Yi and Mackey, Scott and others},
  journal={Science advances},
  volume={6},
  number={30},
  pages={eaba4275},
  year={2020},
  publisher={American Association for the Advancement of Science}
}


@article{MacDonald,
  title = {Anomalous {Hall} Effect in Ferromagnetic Semiconductors},
  author = {Jungwirth, T. and Niu, Qian and MacDonald, A. H.},
  journal = {Phys. Rev. Lett.},
  volume = {88},
  issue = {20},
  pages = {207208},
  numpages = {4},
  year = {2002},
  month = {May},
  publisher = {American Physical Society},
  doi = {10.1103/PhysRevLett.88.207208},
  url = {https://link.aps.org/doi/10.1103/PhysRevLett.88.207208}
}

@article{landau,
  title = {Landau level quantization and almost flat modes in three-dimensional semimetals with nodal ring spectra},
  author = {Rhim, Jun-Won and Kim, Yong Baek},
  journal = {Phys. Rev. B},
  volume = {92},
  issue = {4},
  pages = {045126},
  numpages = {8},
  year = {2015},
  month = {Jul},
  publisher = {American Physical Society},
  doi = {10.1103/PhysRevB.92.045126}
}

@article{2016Optical,
  title={Optical response of a line node semimetal},
  author={Carbotte, JP},
  journal={Journal of Physics: Condensed Matter},
  volume={29},
  number={4},
  pages={045301},
  year={2016},
  publisher={IOP Publishing}
}


@article{Wannier,
  title = {Dynamics of Band Electrons in Electric and Magnetic Fields},
  author = {Wannier, Gregory H.},
  journal = {Rev. Mod. Phys.},
  volume = {34},
  issue = {4},
  pages = {645--655},
  numpages = {0},
  year = {1962},
  month = {Oct},
  publisher = {American Physical Society}
  }

@article{qian2019npj,
  title={Topological electronic states in {HfRuP} family superconductors},
  author={Qian, Yuting and Nie, Simin and Yi, Changjiang and Kong, Lingyuan and Fang, Chen and Qian, Tian and Ding, Hong and Shi, Youguo and Wang, Zhijun and Weng, Hongming and others},
  journal={npj Computational Materials},
  volume={5},
  number={1},
  pages={1--6},
  year={2019},
  publisher={Nature Publishing Group}
}


@article{Qians4,
  title = {Weyl semimetals with ${S}_{4}$ symmetry},
  author = {Qian, Yuting and Gao, Jiacheng and Song, Zhida and Nie, Simin and Wang, Zhijun and Weng, Hongming and Fang, Zhong},
  journal = {Phys. Rev. B},
  volume = {101},
  issue = {15},
  pages = {155143},
  numpages = {9},
  year = {2020},
  month = {Apr},
  publisher = {American Physical Society},
  doi = {10.1103/PhysRevB.101.155143}
}


@article{qian2020layer,
  title={Layer construction of topological crystalline insulator {LaSbTe}},
  author={Qian, YuTing and Tan, ZhiYun and Zhang, Tan and Gao, JiaCheng and Wang, ZhiJun and Fang, Zhong and Fang, Chen and Weng, HongMing},
  journal={SCIENCE CHINA Physics, Mechanics \& Astronomy},
  volume={63},
  pages={1--7},
  year={2020},
  publisher={Springer}
}